2234 3554
408 115 590 164 AENEIDOS
608 116 677 164 LIB.
698 114 746 164 IV.
955 113 1000 160 157

148 195 341 264 Flaventisque
358 195 477 248 abscissa
494 211 592 263 comas,
612 195 666 249 Pro
686 193 824 264 Iuppiter!
843 193 896 247 ibit
965 206 1002 247 seo

148 272 209 339 Ilio,
227 271 274 337 ait,
292 275 322 324 ot
339 271 441 325 nostris
457 271 583 326 inluserit
600 271 707 325 advena
724 272 832 340 regnisl

146 348 172 401 N
175 342 303 400 on'arma
320 347 477 416 expedient,
496 351 611 417 totaque
629 365 662 402 ex
682 348 751 401 urbe
769 351 928 416 sequentur,

147 424 347 494 Doripientque
365 429 439 477 rates
458 424 504 476 alii
522 424 679 477 navalibusl
718 425 770 491 Ite,

148 501 230 554 Ferte
248 499 295 553 citi
314 499 443 566 flammas,
463 500 528 553 date
547 501 610 568 tela,
628 501 751 568 inpellite
769 505 910 555 remos!-

148 577 219 643 Quid
231 577 341 644 loquorl
354 579 402 628 aut
414 575 461 628 ubi
475 578 550 630 sumi
564 577 641 640 Quae
654 581 774 630 montem
784 578 887 630 insania
896 577 1001 632 mutati

148 653 247 707 Infelix
266 651 352 706 Dido!
372 668 444 705 nuno
462 655 491 705 te
508 652 582 706 faeta
599 653 682 719 impia
701 655 836 722 tangunti
965 668 1002 706 eoo

147 731 215 783 Tum
233 729 333 796 decuit,
352 745 413 781 oum
432 731 541 797 sceptra
560 728 731 782 dabas—En
750 730 850 784 dextra
867 729 999 798 fidesque,

147 807 235 872 Quem
254 821 345 858 seeum
362 805 466 872 patrios
485 805 561 858 aiunt
579 809 691 874 portare
711 807 828 871 Penatis,

147 884 234 947 Quom
253 881 368 936 subiisse
387 881 507 934 humeris
526 882 678 935 confectum
697 887 788 936 aetate
810 887 953 953 parentem
961 885 1002 936 1-

132 959 208 1012 :Non
226 958 303 1026 potui
322 957 467 1026 abreptum
487 957 617 1011 divellere
636 975 733 1026 eorpus
752 963 781 1013 et
798 959 879 1012 undis
966 973 1002 1012 ooo

147 1035 298 1104 spargeret
317 1051 370 1088 nou
389 1034 482 1102 socios,
502 1050 555 1087 non
573 1035 662 1102 ipsum
680 1034 823 1089 absumere
841 1037 913 1088 ferro

148 1111 303 1179 Ascanium,
320 1111 472 1180 patriisque
491 1110 656 1178 epulandum
674 1127 776 1180 ponere
793 1113 938 1166 niensis?a

148 1187 252 1242 Verum
269 1203 368 1256 anceps
387 1204 494 1256 pugnae
512 1187 603 1241 fuerat
620 1187 896 1252 fortuna.-Fuisset;

148 1265 234 1330 Quem
253 1264 339 1318 rnetni
357 1264 506 1318 moritural
542 1264 628 1318 Faces
646 1264 674 1317 in
692 1268 783 1318 castra
799 1265 930 1329 tulissem,

135 1341 354 1412 „Inplessemque
367 1341 440 1395 foros
452 1341 575 1407 flammis,
589 1344 738 1409 natumque
750 1345 912 1410 patremque
964 1353 1000 1392 ooo

149 1418 216 1472 Cum
228 1435 329 1486 genere
342 1418 504 1484 exstinxom,
523 1421 626 1472 memet
639 1434 721 1486 super
732 1419 792 1486 ipsa
805 1417 984 1472 dedissem.-

148 1495 200 1563 Sol,
218 1495 265 1564 qui
284 1499 420 1549 terrarum
439 1495 554 1549 flammis
572 1511 655 1564 opera
673 1495 762 1548 omnia
780 1495 887 1563 lustras,

148 1571 242 1639 Tuque
261 1571 356 1624 harum
374 1571 511 1640 interpres
529 1588 654 1626 curarum
673 1575 702 1625 ot
721 1573 826 1626 conscia
844 1571 921 1635 luno,
987 1584 988 1588 ’

147 1647 350 1717 Nocturnisquo
369 1649 476 1702 Hecate
494 1648 582 1701 triviis
599 1648 705 1702 ululata
722 1665 772 1717 por
789 1647 878 1714 nrbes,

139 1724 184 1778 *nt
203 1723 287 1778 Dirae
305 1724 424 1790 ultrices,
444 1727 474 1778 et
493 1724 522 1776 ‹li
540 1725 681 1778 morientis
700 1725 810 1793 Elissae,
965 1734 1001 1774 uro

148 1802 273 1870 Accipite
292 1801 367 1868 hacc,
386 1801 571 1868 meritumque
588 1800 667 1853 malis
684 1800 821 1854 advertito
839 1815 947 1865 numen,

149 1878 184 1930 llt
202 1882 310 1931 nostras
328 1876 423 1930 andito
441 1893 543 1944 preces.
581 1876 610 1930 Si
629 1879 741 1943 tangere
759 1881 855 1946 portus

148 1955 294 2007 Infandum
313 1955 395 2020 capnt
413 1967 444 2004 ac
462 1951 545 2003 terris
563 1951 666 2004 adnare
684 1968 793 2005 necesse
812 1956 862 2020 est,

148 2031 185 2083 nt
203 2031 241 2082 sic
258 2030 316 2081 fata
335 2027 408 2080 lovis
426 2030 549 2094 poscunt,
568 2027 612 2078 hic
630 2027 762 2079 terminus
780 2027 889 2082 haeret:

148 2107 189 2160 At
207 2106 279 2159 bello
297 2103 408 2156 audacis
426 2100 519 2170 populi
537 2105 651 2154 vexatus
669 2106 697 2154 et
715 2101 803 2169 annis,
965 2115 1002 2156 olo

149 2182 261 2236 Finibus
279 2179 404 2244 extorris,
422 2177 555 2245 conplexu
572 2177 679 2230 avolsus
698 2177 758 2244 Iuli,

149 2257 290 2314 Auxilium
309 2256 434 2324 inploret,
452 2253 599 2322 videatque
616 2253 728 2322 indigna
744 2271 855 2309 suorum

150 2335 272 2399 Funera3
289 2350 346 2396 nec,
364 2349 424 2386 cnm
443 2348 473 2384 se
491 2331 542 2384 sub
560 2331 635 2398 logos
652 2331 725 2400 pacis
742 2331 851 2401 iniquae

150 2410 313 2479 Tradiderit‚
331 2425 415 2478 regno
434 2413 482 2462 aut
501 2411 596 2477 optata
614 2409 674 2461 luce
692 2407 814 2474 furatum

150 2487 206 2542 Sed
218 2487 298 2540 cadat
310 2491 373 2540 aute
386 2487 458 2540 dions
473 2485 619 2554 mediaque
631 2485 786 2539 inhumatus
799 2503 889 2542 arena.
965 2500 1002 2540 sao

151 2564 229 2617 Hace
240 2563 421 2632 procor,lranc
430 2578 524 2615 vocem
533 2566 684 2616 extremam
697 2579 758 2616 eum
769 2565 899 2630 sanguine
908 2561 999 2616 fundo.

150 2640 219 2692 Tum
237 2656 292 2705 vos,
312 2655 328 2692 o
346 2638 426 2706 'spii
446 2639 559 2706 stirpem
579 2642 608 2692 et
625 2655 711 2707 genus
729 2655 808 2692 omne
825 2641 948 2693 futurum

151 2716 286 2769 Exercete
304 2715 382 2780 odiis,
401 2714 539 2783 cinerique
556 2715 623 2769 haee
640 2715 743 2768 mittite
761 2719 854 2769 nostro

151 2791 273 2846 Munera.
310 2791 408 2844 Nullus
426 2807 502 2844 amor
519 2792 633 2860 populis,
652 2808 702 2845 nee
720 2791 833 2844 foedera
850 2794 939 2845 sunto.

150 2867 281 2922 Exoriare
299 2867 397 2936 aliquis
415 2868 516 2922 nostris
536 2885 570 2921 ex
588 2869 693 2922 ossibus
711 2867 793 2932 ultor,
965 2879 1001 2919 aas

151 2945 204 3010 Qui
221 2945 280 2999 face
299 2943 451 2997 Dardanios
469 2944 597 3013 ferroque
616 2959 731 3012 sequare
749 2943 863 3009 colonos,

150 3019 239 3089 Nunc,
258 3021 330 3088 olim,
348 3035 519 3089 quocumque
537 3020 642 3074 dabunt
660 3037 690 3073 se
708 3023 833 3088 tompore
850 3017 929 3074 vires.

151 3097 248 3152 Litora
264 3097 390 3152 litoribus
407 3097 550 3163 contraria,
568 3097 695 3150 fluetibus
713 3095 800 3150 undas

152 3175 291 3245 Inprecor,
309 3191 386 3228 arura
403 3174 499 3238 armis;
517 3177 639 3242 pugnent
657 3173 763 3242 ipsique
780 3177 956 3242 nepotesque.
