2234 3554
420 121 601 170 AENEIDOS
617 122 686 172 LIB.
707 121 755 170 Vl.
967 120 1012 170 197

163 201 280 258 Tantum
298 204 404 268 effatus,
424 205 452 255 et
470 201 498 254 iu
516 201 600 255 verbo
616 203 733 270 vestigia
751 202 839 255 torsit.

199 278 321 347 Respicit
341 281 451 332 Aeneas
469 277 567 345 subito,
587 282 616 331 et
634 277 685 330 sub
703 295 771 346 rupe
790 278 900 332 sinislra

164 352 272 407 Moenia
290 355 346 408 lata
364 353 446 420 videt,
465 354 566 421 triplici
585 353 753 406 circumdata
770 370 856 421 muro,

164 429 240 493 Quae
258 431 370 499 rapidus
389 429 505 482 flammis
523 429 610 483 ambit
627 429 797 482 torrentibus
815 429 909 496 amnis,
978 443 1014 482 eso

164 505 310 559 Tartareus
330 505 508 574 Phlegethon,
527 509 695 574 torquetque
713 506 837 558 sonantia
855 521 928 558 saxa.
1015 523 1019 532 ·

165 581 249 635 Porta
266 582 388 649 adversa,
406 583 509 650 ingens,
528 581 668 650 solidoque
686 581 832 634 adamante
850 581 997 643 columnae,

166 658 215 710 Vis
233 661 265 711 ut
284 659 357 712 nulla
374 659 544 726 vin1m„uon
562 658 613 726 ipsi
632 657 793 712 exscindere
810 657 883 711 bello

165 734 314 788 Caelicolae
332 734 455 800 valeaut3
479 738 535 788 stat
553 735 643 788 ferrea
660 735 744 788 turris
763 734 798 787 ad
817 750 904 801 auras,

164 810 363 878 Tisiphoneque
382 811 488 877 sedens,
507 811 579 879 palla
598 811 733 865 succincta
750 815 869 876 amenta,
980 824 1015 862 sss

167 887 337 941 Vestibulum
356 889 492 940 exsomnis
511 892 602 942 serrat
620 891 767 956 noctesque
786 887 907 956 diesque.

167 963 237 1017 lline
256 965 379 1018 exaudiri
398 965 525 1032 gemitus,
544 968 573 1017 et
592 981 672 1018 saeva
690 981 786 1017 sonare

170 1040 302 1106 Verbera3
324 1045 384 1094 tum
403 1041 504 1094 stridor
521 1041 594 1108 ferri,
613 1043 773 1108 tractaeque
790 1043 910 1093 catenae.

167 1117 295 1170 Constitit
315 1119 431 1183 Aeneas,
450 1117 623 1184 strepituque
642 1117 791 1169 exterritus
809 1116 903 1169 haesit.

167 1192 240 1256 Quae
259 1194 391 1247 scelerum
408 1194 508 1246 faeiesl
530 1209 545 1244 o
564 1193 648 1260 virgo,
667 1192 765 1258 effare3
784 1191 916 1261 quibusve
979 1206 1016 1246 mo

167 1268 325 1337 Urgueutur
342 1271 452 1338 poeuisl
473 1269 533 1339 quis
551 1272 646 1322 tantus
663 1269 777 1338 plangor
795 1268 830 1321 ad
849 1271 946 1322 aurasl

167 1345 234 1398 Tum
252 1349 329 1400 vates
347 1347 385 1399 sie
403 1363 465 1415 orsa
482 1346 571 1414 loqui:
594 1345 657 1398 Dux
676 1345 778 1398 inclute
797 1345 938 1412 Teucrum,

168 1421 242 1474 Nulli
260 1423 301 1476 fas
318 1427 392 1476 casto
412 1423 574 1476 sceleratum
592 1422 719 1476 insistere
738 1421 835 1486 limeu;

168 1497 222 1550 Sed
239 1514 283 1552 me
301 1515 362 1552 eum
380 1499 447 1554 lueis
467 1500 573 1552 Hecate
591 1498 724 1567 praefecit
743 1499 868 1566 Auernis,

171 1575 232 1643 ipsa
250 1574 331 1628 deum
349 1592 449 1644 poenas
468 1576 569 1641 docuit,
587 1591 692 1644 perque
710 1576 800 1629 omnia
818 1575 905 1628 duxit.
982 1589 1016 1628 tet

168 1651 283 1705 Gnosius
301 1651 367 1704 haee
387 1651 612 1706 Rhadamanthus
629 1652 720 1717 habet,
741 1651 886 1706 durissima
902 1667 995 1720 regua,

168 1728 345 1796 Castigatque
363 1728 494 1796 auditque
514 1728 597 1795 dolos,
616 1728 773 1796 subigitque
791 1728 881 1798 lateri,

168 1803 243 1867 Quae
261 1805 323 1872 quis
341 1805 414 1872 apud
433 1821 553 1872 superos,
569 1805 644 1858 furto
661 1805 779 1858 laetatus
796 1805 878 1872 inani,

169 1880 282 1932 Distulit
299 1880 328 1931 in
347 1896 434 1932 seram
453 1879 596 1932 commissa
614 1880 720 1947 piacula
736 1884 861 1934 mortem.

169 1956 301 2009 Continuo
320 1955 405 2007 sontis
422 1955 508 2007 ultrix
527 1955 647 2012 aeeiueta
664 1955 771 2022 flagello
982 1970 1018 2009 ⁵70

169 2031 313 2099 Tisiphone
332 2031 423 2097 quatit
441 2030 581 2096 insultans,
601 2034 745 2098 torvosque
764 2031 873 2084 sinistra

171 2107 314 2160 intentans
332 2106 426 2173 anguis
445 2109 523 2158 vocat
541 2106 648 2173 agmina
667 2122 747 2158 saeva
765 2122 894 2160 sororum.

169 2184 236 2236 Tum
255 2183 367 2236 demum
385 2182 527 2235 horrisono
546 2181 696 2236 stridentes
714 2182 824 2235 cardine
842 2199 935 2237 saurae

170 2260 330 2314 Panduutur
347 2263 450 2329 portae.
489 2259 591 2326 Cernis,
610 2259 734 2312 custodia
753 2259 841 2328 qualis

169 2337 314 2391 vestibulo
333 2337 445 2392 sedeatl
465 2337 546 2390 facies
564 2353 634 2404 quae
652 2336 745 2390 limina
764 2337 871 2391 servet?
983 2352 1018 2393 ora

169 2415 372 2483 Quinquaginta
390 2415 458 2468 atris
476 2414 591 2468 inmanis
609 2413 729 2467 hiatibus
749 2413 845 2482 Hydra

169 2491 280 2545 Saevior
296 2492 370 2546 intus
388 2491 472 2546 habet
491 2490 592 2545 sedem.
629 2490 697 2544 Tum
716 2490 848 2544 Tartarus
866 2491 925 2560 ipse

169 2567 217 2620 Bis
235 2571 312 2635 patet
330 2568 358 2622 iu
376 2585 506 2636 praeceps
523 2571 631 2621 tautum
649 2568 795 2636 tenditque
814 2566 864 2620 sub
882 2567 1001 2634 umbras,

170 2643 294 2707 Quantus
313 2644 349 2697 ad
366 2644 519 2698 aetherium
538 2643 605 2697 caeli
625 2647 767 2712 suspectus
786 2642 937 2713 Olympum.

169 2720 224 2773 Hie
241 2737 327 2788 genus
345 2721 488 2788 antiquum
507 2720 614 2788 Terrae,
633 2720 739 2772 Titania
756 2719 849 2787 pubes,
983 2733 1020 2773 teo

169 2796 296 2850 Fulmina
313 2797 413 2850 deiecti
431 2796 515 2850 fundo
533 2796 678 2850 volumtur
695 2796 723 2849 iu
740 2795 801 2848 imo.

170 2872 225 2926 Hie
243 2876 272 2926 et
291 2872 404 2926 Aloidas
421 2873 544 2940 geminos
561 2872 679 2925 inmania
696 2871 752 2925 ridi

169 2949 299 3019 Corpora,
317 2949 363 3017 qui
381 2948 505 3002 manibus
523 2965 652 3016 maguum
671 2948 828 3002 rescindere
846 2947 951 3002 eaelum

169 3025 311 3094 Adgressi,
330 3025 490 3094 superisque
510 3026 603 3078 Iovem
622 3024 771 3079 detrudere
789 3025 887 3092 reguis.
963 3034 964 3038 ’

168 3101 235 3156 Vidi
253 3105 282 3156 et
300 3101 418 3156 erudelis
437 3102 548 3156 dautem
568 3101 712 3155 Salmonea
729 3117 838 3170 poenas,
983 3116 1020 3157 aaa

168 3179 241 3234 Dum
259 3178 382 3234 flammas
401 3179 473 3232 Iovis
491 3182 520 3233 et
538 3179 642 3232 sonitus
658 3177 782 3231 imitatur
800 3176 915 3246 Olympi.
