2232 3556
441 155 625 204 AENEIDOS
642 156 711 204 LIB.
730 155 764 204 X.
982 160 1030 209 269

181 236 293 290 Hortati
313 251 414 303 sumus,
433 239 482 288 aut
500 235 585 288 vitam
605 237 776 290 committere
796 238 904 292 ventisl

168 312 253 365 =Num
272 327 356 380 puero
376 327 509 364 summam
527 311 599 379 belli,
615 329 681 365 num
699 313 811 366 credere
830 317 940 368 muros'l
1005 327 1030 368 io

180 388 401 455 Tyrrhenamque
419 388 503 440 fidem
521 391 569 441 aut
587 389 677 456 gentis
695 388 800 456 agitare
819 390 946 457 quietasl

180 464 247 528 Quis
266 463 334 517 deus
353 464 381 517 in
401 463 533 530 fraudem,
553 481 623 533 quae
643 465 713 518 dura
731 466 855 534 potentia
872 467 960 518 nostri

180 539 263 608 ugit?
281 539 328 592 ubi
348 540 392 593 hic
415 541 491 606 Iuno,
513 541 665 594 demissave
686 541 804 593 nubibus
827 541 899 594 Irisl

180 615 327 683 Indignum
348 621 390 670 est
411 617 497 670 ltalos
516 617 624 670 Troiam
643 617 812 671 circumdare
832 617 948 670 flammis

179 691 351 761 Nasceniem,
370 697 399 746 et
417 693 507 761 patria
527 693 649 746 Turnum
667 695 816 747 consistere
836 697 919 758 terra,
1004 707 1027 748 sa

179 768 229 821 (lui
250 769 390 822 Pilumnus
410 785 484 836 avus,
503 770 546 822 cui
566 769 629 822 diva
649 769 756 823 Venilia
777 774 883 824 mater:

179 843 258 912 Quid,
278 845 336 897 face
355 845 485 898 Troianos
503 849 564 898 atra
581 847 636 898 vim
653 847 726 900 ferre
745 846 858 914 Latinis,

179 921 253 972 Arva
271 921 360 974 aliena
379 922 442 989 iugo
463 939 589 989 premere
609 926 694 990 atque
713 926 837 976 avertere
856 923 993 992 praeduci

178 995 250 1058 Quid
269 1013 377 1050 soceros
396 998 488 1065 legere
504 1001 533 1051 et
551 999 663 1065 gremiis
682 999 818 1052 abducere
834 1003 935 1067 pactas,

178 1071 276 1125 Pacem
295 1090 373 1126 oraro
391 1091 482 1141 manu,
503 1075 655 1142 praefigere
671 1074 809 1144 puppibus
826 1077 921 1130 annisi
1001 1091 1027 1128 aa

176 1148 217 1202 'Pu
235 1154 314 1217 potes
334 1154 448 1204 Aenean
467 1150 592 1204 manibus
612 1150 764 1205 subducere
784 1152 905 1218 Graium,

178 1225 285 1293 Proque
305 1227 364 1280 viro
382 1227 509 1280 nebulam
528 1231 558 1281 et
577 1231 674 1281 ventos
692 1227 842 1281 obtendere
861 1228 957 1298 inanis,

177 1301 213 1354 ut
230 1306 308 1370 potes
325 1304 354 1356 in
372 1303 490 1356 totidem
508 1304 622 1357 classem
640 1308 799 1358 convertere
817 1304 977 1373 Nymphas:

178 1378 233 1430 Nos
251 1379 356 1448 aliquid
375 1380 492 1433 Rutulos
509 1384 605 1436 contra
622 1381 722 1434 iuvisse
740 1381 889 1434 nefandum
907 1383 970 1436 estl

177 1457 285 1508 Aeneas
304 1456 415 1523 ignarus
436 1456 531 1510 abest:
555 1457 666 1524 ignarus
687 1461 717 1511 et
737 1457 816 1510 absit.
1000 1473 1026 1510 ss

176 1529 225 1584 list
250 1530 366 1600 Paphus
383 1532 560 1600 Idaliumque
580 1533 637 1599 tibi,
658 1537 722 1587 sunt
741 1534 797 1587 alta
819 1533 955 1602 Cythera:

175 1606 247 1670 Quid
258 1608 400 1675 gravidam
417 1608 495 1662 bellis
511 1609 608 1663 urbem
625 1615 654 1665 ct
670 1611 753 1664 corda
769 1627 866 1679 aspera
880 1611 1021 1678 temptasl

163 1682 267 1737 ‘Nosne
285 1684 337 1737 tibi
357 1685 443 1738 fluxas
464 1685 598 1754 Phrygiae
617 1704 662 1740 res
680 1689 789 1740 vertere
808 1687 894 1739 fundo

174 1758 325 1814 Conamurl
347 1762 417 1815 nosl
441 1778 475 1814 an
497 1763 610 1815 miseros
629 1763 676 1831 qui
697 1763 781 1816 Troas
802 1763 915 1816 Achivis

174 1834 302 1890 Obiecitl
327 1835 403 1899 Quae
424 1853 520 1889 caussa
540 1837 600 1902 fuit,
622 1855 786 1905 consurgere
806 1839 835 1891 in
856 1855 932 1892 arma
997 1855 1024 1892 so

174 1910 366 1979 Europamque
385 1912 543 1978 Asiamque,
562 1916 591 1964 et
608 1913 720 1966 foedera
738 1914 841 1967 solvere
860 1915 953 1968 furto?

174 1985 220 2038 Me
241 1987 310 2039 duce
329 1987 486 2038 Dardanius
503 1987 630 2054 Spartam
650 1990 817 2054 expugnavit
836 1990 953 2056 adulter,

175 2062 234 2114 Aut
255 2078 305 2128 ego
325 2061 381 2114 tela
401 2061 473 2127 dedi,
491 2061 580 2114 fovive
602 2063 736 2130 Cupidine
757 2063 849 2117 bellai

91 2143 97 2156 ¹
173 2135 242 2190 'lum
261 2137 355 2191 decuit
374 2138 504 2190 metuisse
521 2137 594 2191 tuis:
611 2154 684 2190 nunc
703 2155 765 2192 scra
783 2139 902 2207 querelis

174 2212 257 2266 Haud
276 2213 356 2267 iustis
377 2213 510 2280 adsurgis,
532 2217 562 2266 et
581 2214 664 2267 inrita
684 2215 773 2282 iurgia
793 2215 885 2269 iactas.
998 2232 1021 2268 a

208 2289 318 2343 Talibus
337 2290 435 2344 orabat
454 2290 530 2356 luno,
543 2290 690 2358 cunctique
701 2290 855 2345 fremebant

126 2361 129 2368 ’
172 2367 321 2420 Caelicolae
338 2367 456 2420 adsensu
474 2366 563 2430 vario;
587 2383 637 2420 ceu
655 2366 763 2420 flamina
780 2367 869 2436 prima

172 2443 240 2496 Cum
260 2443 394 2512 deprensa
410 2444 532 2496 fremunt
551 2443 633 2510 silvis,
655 2447 684 2496 et
706 2460 785 2497 caeca
805 2444 930 2499 volutant

172 2519 320 2586 Murmura,
340 2525 469 2574 venturos
487 2520 578 2572 nautis
595 2520 740 2588 prodentia
758 2525 861 2580 ventos.

171 2597 239 2648 l'um
259 2597 342 2650 Pater
359 2597 537 2664 omnipotens,
554 2613 647 2650 rerum
665 2597 708 2650 cui
726 2598 814 2666 prima
831 2601 961 2665 potestas,
985 2614 1021 2652 100

172 2673 255 2737 lnlit;
278 2689 310 2727 eo
329 2673 439 2726 dicente
459 2673 541 2726 deum
562 2673 659 2726 domus
678 2674 734 2726 alta
754 2674 864 2740 silescit,

172 2749 208 2802 Et
225 2750 388 2803 tremefacta
406 2749 462 2802 solo
480 2749 579 2814 tellus;
603 2750 666 2803 silet
683 2750 786 2803 arduus
803 2748 917 2814 aether;
1044 2812 1046 2816 ,

170 2825 239 2879 Tum
251 2826 366 2894 Zephyri
384 2842 516 2895 posuere;
537 2827 638 2894 premit
654 2827 761 2894 placida
778 2842 896 2894 aequora
911 2831 1019 2894 pontus.

171 2903 295 2972 Accipite
316 2919 381 2970 ergo
402 2903 499 2955 animis
519 2907 603 2971 atque
622 2903 689 2956 hacc
707 2921 769 2956 meu
788 2903 864 2970 figite
883 2901 963 2956 dicta.

170 2979 396 3047 Quandoquidem
414 2979 550 3032 Ausonios
566 2979 692 3047 coniungi
708 2979 819 3032 foedere
837 2978 947 3032 Teucris
982 2995 1017 3033 ms

171 3055 255 3108 Haud
273 3055 383 3122 licitum,
404 3072 453 3109 nec
472 3060 563 3108 vestra
582 3057 655 3122 capit
675 3055 811 3108 discordia
832 3055 929 3107 finem:

170 3131 246 3195 Quae
258 3131 356 3200 cuique
363 3136 406 3185 est
414 3132 524 3184 fortuna
533 3132 622 3197 hodie,
633 3149 714 3202 quam
725 3132 840 3200 quisque
848 3135 922 3184 secat
931 3147 1016 3201 spem,

169 3207 237 3262 Tros
256 3207 409 3262 Rutulusne
428 3209 494 3274 brat,
513 3209 587 3262 nullo
604 3208 758 3263 discrimine
778 3207 890 3271 habebo,
