2234 3554
425 130 609 180 nunninae
627 129 695 176 LIB.
718 129 748 176 V.
968 125 1013 178 167

164 212 279 281 lamque
298 210 367 264 adeo
386 210 480 262 donati
499 225 592 262 omnes
610 207 762 277 opibusque
780 207 893 270 superbi

164 289 288 342 Puniceis
306 288 382 340 ibant
400 287 499 340 evincti
517 293 643 353 tempora
659 285 763 350 taeniis,

163 365 232 420 Cum
251 381 331 418 saevo
349 381 365 417 e
384 363 493 431 scopulo
511 363 599 416 multa
616 363 661 414 vix
679 364 740 414 arte
756 363 886 427 revolsus,
985 375 1019 414 m

164 442 280 495 Amissis
298 441 382 494 remis
399 444 483 507 atque
500 438 595 491 ordine
613 438 711 493 debilis
728 455 790 506 uno,

164 518 280 572 Inrisam
300 517 358 570 sine
376 516 478 569 honore
496 518 584 568 ratem
603 515 747 583 Sergestus
765 515 870 583 agebat.

164 594 258 659 Qualis
276 610 357 662 saepe
375 593 434 645 viae
452 591 605 660 deprensus
622 591 650 644 in
668 607 769 660 aggere
787 608 906 659 serpens,

164 674 256 724 Aerea
273 686 354 738 quem
372 669 511 736 obliquum
529 671 590 721 rota
608 669 725 734 transiit,
743 671 791 721 aut
808 667 899 736 gravis
916 667 973 722 ictu

162 747 332 801 Semineeem
350 745 431 812 liquit
448 761 513 798 saxo
531 744 704 813 lacerumque
722 745 816 811 tiator,
979 757 1015 797 ars

164 823 337 892 Nequiquam
354 822 449 889 longos
467 821 572 888 fugiens
591 820 640 875 dat
657 838 770 890 corpore
788 825 886 886 tortus,

165 899 247 952 Parte
265 899 349 964 ferox,
367 899 521 966 ardensque
539 897 631 962 oculis,
648 901 677 951 et
695 897 774 952 sibila
790 898 859 952 colla

166 975 276 1028 Arduus
293 974 439 1038 attollens;
458 991 521 1042 pars
539 974 649 1027 volnere
666 974 764 1028 clauda
781 976 902 1028 retentat

167 1051 318 1104 herentem
336 1049 415 1103 nodis
433 1065 516 1119 seque
533 1050 561 1102 in
580 1066 629 1102 sua
646 1050 770 1104 membra
787 1050 941 1118 plicantem.

165 1127 220 1181 'lali
237 1127 350 1195 remigio
367 1126 443 1180 navis
461 1142 491 1179 se
508 1125 590 1180 tarda
607 1125 748 1214 nrovebaffl
978 1138 1014 1178 reo

168 1203 233 1256 Vela
249 1204 314 1258 fecit
332 1208 432 1269 tamen
451 1206 480 1256 et
497 1203 563 1256 velis
581 1202 656 1256 subit
673 1206 743 1256 ostra
761 1201 854 1270 plenis.

163 1280 322 1347 Sergestum
342 1281 453 1332 Aeneas
470 1279 605 1348 promisso
623 1295 736 1332 munere
755 1278 847 1345 donat,

163 1355 305 1410 Servatam
323 1355 358 1409 ob
376 1372 473 1408 navem
491 1355 580 1408 laetus
598 1354 739 1424 sociosque
757 1355 890 1409 reductos.

164 1431 217 1484 Olli
234 1449 313 1486 serva
331 1431 420 1498 datur,
438 1447 551 1500 eperum
569 1430 644 1484 haud
662 1432 756 1499 ignara
774 1431 921 1496 Minervae,

163 1508 261 1562 Cressa
278 1524 370 1576 genus,
391 1507 500 1576 Pholoe,
517 1508 672 1576 geminique
690 1508 741 1561 sub
759 1507 844 1562 ubere
861 1506 926 1560 nati.
977 1520 1014 1558 aas

198 1584 259 1637 Hoc
275 1585 336 1652 pius
357 1587 464 1638 Aeneas
482 1585 564 1638 misso
582 1585 730 1638 certamine
748 1584 838 1638 tendit

162 1660 337 1714 Grarnineum
349 1660 378 1712 in
390 1677 522 1728 campum,
535 1677 617 1728 quem
629 1661 742 1715 collibus
754 1660 877 1728 undique
889 1661 979 1714 curvis

163 1736 314 1805 (lingebant
333 1736 423 1803 silvae,
442 1736 587 1804 mediaque
604 1737 633 1790 in
650 1737 720 1790 valle
737 1737 840 1792 theatri

162 1813 256 1867 Circus
274 1817 350 1878 erat;
370 1829 424 1881 quo
442 1829 471 1868 se
489 1813 583 1867 multis
600 1829 662 1866 eum
679 1813 788 1868 milibus
805 1813 887 1867 heros

162 1889 295 1944 Censessu
313 1889 434 1942 medium
452 1889 517 1944 tulit
535 1892 728 1958 exstructoque
746 1890 858 1944 resedit.
979 1902 1015 1942 aso

164 1966 222 2033 Hic,
242 1966 289 2033 qui
306 1965 376 2019 forte
395 1965 480 2019 velint
497 1965 593 2033 rapido
610 1966 777 2020 contendere
794 1983 882 2031 cursu

162 2041 265 2096 Invitat
283 2042 379 2110 pretiis
397 2042 508 2107 animos,
528 2045 557 2096 et
575 2042 696 2109 praemia
713 2043 796 2110 ponit.

162 2117 291 2186 Undique
308 2118 471 2172 conveniunt
489 2118 585 2171 Teucri
602 2117 735 2186 mixtique
754 2116 850 2186 Sicani,

164 2194 245 2247 h'isus
263 2197 293 2247 et
311 2194 445 2262 Euryalus
463 2194 552 2263 primi,

161 2270 292 2338 Euryalus
309 2270 397 2324 forma
414 2271 526 2339 insignis
544 2270 680 2338 viridique
696 2271 815 2338 iuventa,

162 2346 243 2399 Nisus
261 2363 352 2400 ansere
370 2349 415 2415 pio
433 2347 529 2416 pueri;
549 2363 617 2416 quos
636 2347 736 2401 deinde
755 2350 864 2402 secutus

164 2423 264 2490 ltegius
281 2424 393 2492 egregia
412 2425 512 2478 Priami
531 2424 566 2477 de
585 2423 671 2490 stirpe
690 2424 803 2488 Diores;

164 2500 242 2552 llune
254 2499 343 2553 Salius
356 2500 436 2553 simul
449 2505 478 2554 et
492 2502 601 2567 Patron,
615 2517 731 2568 quornm
743 2500 814 2554 alter
828 2501 963 2567 Acarnan,

163 2575 242 2628 Alter
261 2575 295 2628 ab
318 2577 436 2629 Arcadio
456 2577 594 2644 Tegeaeae
613 2577 743 2643 sanguine
761 2578 868 2644 gentis;

159 2652 227 2704 l'nm
240 2652 295 2704 duo
308 2652 438 2706 Trinacrii
456 2653 575 2719 iuvenes,
595 2652 728 2720 Helymus
747 2653 933 2722 Panopesque,
978 2667 1014 2706 eoo

163 2725 279 2780 Adsueti
297 2727 380 2792 silvis,
400 2729 511 2782 comites
530 2728 643 2782 senioris
662 2729 796 2794 Acestae;

161 2800 241 2854 Multi
258 2807 408 2871 praeterea,
427 2820 495 2872 quos
512 2804 585 2857 fama
603 2803 717 2858 obscura
734 2804 865 2858 recondit.

163 2879 268 2930 Aeneas
286 2879 385 2947 quibus
402 2881 430 2932 in
448 2880 546 2934 mediis
564 2882 601 2935 sic
620 2880 720 2934 deinde
738 2881 859 2935 locutus:

162 2953 287 3021 Accipite
305 2953 371 3008 hacc
389 2955 493 3024 animis,
512 2956 652 3025 laetasque
670 2956 807 3009 advertite
825 2959 945 3010 mentes:

160 3026 247 3082 Nemo
265 3046 299 3082 ex
317 3029 368 3084 hoe
385 3048 498 3086 numero
516 3033 582 3086 mihi
598 3049 652 3086 non
671 3031 787 3084 donatus
805 3031 900 3086 abibit.
976 3045 1014 3088 ωε

159 3104 260 3158 Gnosia
277 3105 341 3160 bina
359 3106 430 3160 dabo
448 3108 538 3162 levato
556 3108 647 3162 lueida
663 3108 738 3161 ferro

159 3179 268 3250 Spicula
284 3183 472 3253 caelatamque
491 3189 605 3251 argente
624 3185 696 3239 ferre
713 3184 862 3253 bipennem
870 3204 879 3249 ;
