2234 3554
415 144 491 197 AEN
494 144 597 194 EIDOS
615 144 685 196 LIB.
703 143 753 193 VI.
967 147 1011 198 201

158 225 200 278 Ae
217 223 293 278 velut
310 223 339 277 in
357 224 445 292 pratis
463 223 510 278 ubi
529 240 594 293 apes
612 228 718 279 aestate
737 241 834 280 serena

160 300 285 353 Floribus
302 301 425 355 insidunt
442 301 531 368 variis,
549 304 577 354 et
595 300 713 354 candida
730 301 830 355 circum

159 377 228 430 Lilia
245 377 411 442 funduntur;
430 377 529 444 strepit
547 377 634 430 omnis
651 393 791 430 murmure
809 393 931 446 campus.

158 453 302 506 Horrescit
320 454 380 506 visu
398 451 495 518 subito,
514 468 677 519 caussasque
695 453 811 521 requirit
977 467 1013 510 710

158 529 264 582 Inscius
283 533 400 596 Aeneas,
419 545 489 597 quae
508 528 563 582 sint
581 545 614 581 ea
632 527 742 582 flumina
760 545 849 598 porro,

158 607 244 672 Quive
262 605 313 658 viri
331 609 410 659 tanto
429 604 580 673 conplerint
598 604 706 672 agmine
725 605 806 674 ripas.

157 681 225 736 Tum
243 687 324 750 pater
343 681 492 735 Anchises:
512 681 635 747 Animae,
654 681 753 749 quibus
771 681 859 735 altera
876 681 933 735 sato

157 757 277 828 Corpora
295 757 439 824 debentur,
459 757 572 811 Lethaei
590 757 626 810 ad
645 757 763 812 fluminis
781 758 883 812 undam

155 834 271 888 Securos
288 834 384 888 latices
402 838 430 888 et
448 835 528 902 longa
546 833 646 887 oblivia
663 839 766 902 potant.
976 847 1011 888 717

157 911 215 964 Has
233 911 361 980 equidem
380 927 532 964 memorare
550 910 600 964 tibi
619 914 703 979 atque
722 911 867 966 ostendero
885 926 984 977 coram,

155 987 322 1055 Iampridem
339 987 407 1040 banc
424 987 529 1056 prolem
547 987 625 1055 cupio
643 1003 803 1040 enumerare
821 1004 951 1052 meorum,

139 1055 214 1128 'Quo
231 1063 318 1130 magis
337 1063 420 1116 Italia
438 1079 544 1116 mecum
562 1063 666 1116 laetere
683 1065 800 1130 reperta.

154 1138 177 1191 0
190 1143 276 1208 pater,
289 1155 358 1192 anne
370 1139 475 1208 aliquas
487 1139 524 1192 ad
540 1139 645 1193 caelum
663 1138 725 1192 hinc
741 1139 781 1192 ire
797 1138 950 1206 putandum
967 1143 1010 1194 est

154 1215 280 1269 Sublimis
298 1216 408 1282 animas,
428 1216 581 1282 iterumque
599 1214 636 1268 ad
653 1214 735 1268 tarda
752 1215 853 1268 reverti
974 1228 1010 1269 reo

154 1291 291 1360 Corporal
310 1308 381 1360 quae
400 1291 467 1344 lucis
485 1292 593 1345 miseris
611 1295 668 1344 tam
686 1291 746 1344 dira
764 1289 880 1358 cupidol

154 1367 250 1422 Dicam
268 1368 402 1436 equidem,
421 1385 471 1422 nec
489 1373 518 1422 te
537 1384 704 1436 suspensum,
723 1371 795 1434 nate,
815 1366 931 1433 tenebo;

153 1443 270 1512 Suscipit
290 1444 430 1512 Anchises,
448 1447 532 1512 atque
551 1445 646 1498 ordine
665 1444 772 1512 singula
789 1443 893 1512 pandit.

189 1520 324 1590 Principio
342 1521 446 1576 caelum
464 1538 495 1575 ae
513 1525 602 1575 terras
619 1537 783 1588 camposque
801 1519 932 1588 liquentis

153 1597 356 1666 [lucentemque
372 1597 485 1666 globum
504 1598 597 1651 Lunae
615 1598 775 1665 Titaniaque
793 1600 869 1650 astra
973 1613 1008 1653 777

153 1674 269 1742 Spiritus
287 1675 361 1728 intus
379 1675 435 1742 alit,
454 1678 596 1743 totamque
614 1674 703 1726 inlusa
720 1690 770 1742 per
788 1676 865 1726 artus

153 1749 233 1804 Mens
251 1751 339 1818 agitat
357 1751 456 1803 molem
475 1755 504 1804 et
522 1767 620 1818 magno
639 1767 668 1804 se
685 1766 798 1818 corpore
817 1749 919 1803 miscet.

154 1827 223 1880 Inde
240 1827 379 1879 hominnm
397 1827 587 1894 pecudumque
604 1843 690 1894 genus
708 1827 837 1894 vitaeque
854 1825 995 1880 volantum

153 1901 190 1956 Et
207 1919 278 1972 quae
296 1917 448 1954 marmoreo
466 1901 521 1954 lert
540 1907 661 1955 monstra
679 1903 729 1956 sub
747 1918 865 1969 aequore
883 1907 990 1970 pontus.

154 1978 256 2045 Igneus
273 1984 317 2030 est
335 1977 395 2030 ollis
412 1978 489 2044 vigor
506 1982 535 2030 et
553 1978 678 2030 caelestis
696 1979 772 2050 origo
971 1994 1007 2033 rao

153 2052 314 2120 Seminibus,
332 2055 464 2120 quantrun
482 2069 536 2104 non
552 2053 633 2105 noxia
650 2069 763 2120 corpora
780 2055 892 2107 tardant

153 2128 321 2196 Terrenique
338 2128 470 2181 hebetant
488 2132 564 2180 artus
581 2127 796 2197 moribundaque
814 2130 943 2184 membra.

156 2205 226 2258 Hinc
250 2206 376 2258 metuunt
399 2203 575 2272 cupiuntque,
599 2203 693 2258 dolent
716 2205 900 2274 gaudentque,
918 2224 1007 2276 neque

221 2297 301 2334 auras

155 2357 314 2426 llespiciunt
331 2357 439 2411 clausae
456 2356 579 2410 tenebris
597 2361 626 2411 et
643 2374 751 2412 carcere
769 2375 855 2413 caeco.

153 2434 224 2498 erin
242 2437 271 2488 et
289 2451 415 2503 supremo
433 2451 495 2488 cunr
512 2433 615 2488 lumine
632 2434 689 2488 vita
706 2435 825 2503 reliquit,
971 2451 1007 2492 7³5

55 2551 57 2558 ,
154 2511 215 2564 Non
233 2514 327 2564 tamon
345 2527 424 2564 omne
442 2510 543 2563 malum
561 2510 667 2564 miseris
684 2527 735 2564 nee
752 2512 877 2566 funditus
895 2529 989 2567 omnes

154 2588 307 2658 Corporeae
325 2587 462 2642 excedunt
479 2591 577 2656 pestes,
595 2587 758 2656 penitusque
775 2605 886 2643 necesse
903 2593 947 2643 est

153 2663 243 2719 Multa
260 2664 307 2717 diu
325 2667 452 2717 concreta
469 2664 557 2716 modis
575 2663 723 2717 inolescere
740 2665 824 2720 miris.

154 2741 225 2810 llrgo
243 2743 407 2794 exercentur
424 2739 526 2808 poenis,
545 2745 722 2809 veterumque
739 2741 872 2794 malorum

153 2817 291 2886 Supplicia
308 2815 480 2885 expendunt:
498 2816 567 2869 aliae
585 2817 743 2885 panduntur
761 2817 847 2870 inanis
969 2831 1004 2871 777

153 2893 306 2963 Suspensae
324 2893 360 2946 ad
377 2895 489 2957 ventos;
507 2892 567 2946 aliis
585 2893 635 2946 sub
653 2893 761 2960 gurgite
779 2895 856 2946 vasto

155 2970 291 3024 iniectum
309 2970 410 3023 eluitur
428 2969 522 3035 scelus,
540 2973 588 3023 aut
606 2969 731 3022 exuritur
748 2969 819 3038 igni3

154 3047 275 3115 Quisque
293 3061 355 3100 suos
373 3046 492 3114 patimur
510 3045 613 3111 Manis;
631 3045 730 3099 exinde
748 3044 934 3114 peramplum

154 3122 293 3177 Mittimur
312 3121 440 3192 Elysium,
459 3126 488 3176 et
506 3122 584 3190 pauci
602 3122 676 3176 laeta
694 3139 758 3176 arva
776 3126 916 3188 tenemua;

153 3197 245 3253 Donec
262 3199 344 3270 longa
361 3197 427 3264 dies,
443 3197 566 3268 perlecto
583 3199 714 3269 temporis
731 3197 806 3269 orbo,
967 3214 1003 3256 747
