2274 3554
394 518 424 568 P.
445 515 601 564 VEiiGiLI
619 512 787 562 MARONIS

353 677 832 759 unanimos

443 872 559 926 LIBER
578 869 747 924 ruamus,

543 1029 645 1060 —4-

170 1153 318 1211 Posrennu
337 1165 382 1202 res
401 1149 486 1201 Asiae
505 1146 663 1214 Priamique
682 1149 808 1200 evertere
825 1151 936 1215 gentem

168 1229 328 1282 inmeritam
347 1227 434 1278 visum
452 1224 572 1292 Superis,
590 1222 744 1290 ceciditque
762 1223 910 1293 superbum

168 1305 248 1358 Ilium
267 1309 296 1357 ct
313 1303 400 1356 omnis
418 1301 500 1353 humo
518 1300 606 1352 fumat
625 1299 764 1367 Neptunia
783 1300 870 1370 Troia,

168 1383 282 1435 Diversa
300 1379 395 1434 exsilia
413 1383 442 1431 et
460 1377 584 1430 desertas
603 1393 735 1444 quaerere
753 1383 842 1432 terras

168 1459 299 1527 Auguriis
318 1457 424 1524 agimur
442 1453 540 1521 divom,
558 1453 727 1522 classemque
746 1457 797 1509 sub
815 1457 874 1524 ipsa
1011 1468 1024 1510 t

168 1535 312 1588 Antandro
331 1539 359 1586 et
380 1532 512 1600 Phrygiae
530 1531 656 1584 molimur
673 1532 813 1585 urentibus
833 1533 907 1600 Idae,

169 1612 279 1676 Incerti,
297 1627 352 1680 quo
371 1609 427 1662 fata
445 1609 542 1675 ierant,
563 1608 608 1661 ubi
627 1609 725 1662 sistere
744 1609 833 1677 detur,

77 1718 83 1732 ·
169 1688 414 1756 Contrahimusque
432 1688 509 1739 viros.
548 1686 602 1738 Vix
621 1685 710 1754 prima
727 1686 866 1755 inceperat
884 1691 982 1754 aestus,

169 1759 205 1819 Et
223 1769 303 1834 pater
322 1764 457 1817 Anchises
477 1763 543 1817 dare
562 1763 627 1816 satis
646 1763 706 1815 vola
724 1763 852 1828 iubebat3

169 1842 263 1896 Litora
280 1858 342 1895 cum
361 1842 466 1910 patriae
485 1841 628 1893 lacrimans
646 1845 797 1910 portusque
816 1841 937 1910 relinquo
1002 1855 1025 1894 re

169 1919 206 1972 Et
224 1935 340 1988 campos,
359 1916 405 1970 ubi
425 1917 504 1970 Troia
522 1917 581 1970 suit.
620 1917 707 1970 Feror
725 1918 801 1970 exsul
820 1918 847 1971 in
865 1918 950 1972 altum

169 1995 237 2050 Cum
257 1995 335 2048 sociis
353 1997 474 2062 natoque
494 1994 643 2048 Penatibus
662 1997 691 2046 et
709 1995 814 2064 magnis
833 1995 881 2048 dis.

204 2072 288 2124 Terra
305 2071 399 2140 procul
418 2072 503 2124 vastis
521 2071 619 2125 colitur
638 2072 773 2125 Mavortia
790 2073 900 2140 campis,

169 2148 286 2202 Thraces
305 2153 391 2216 arant,
410 2149 465 2202 aeri
483 2149 621 2217 quondam
640 2153 754 2216 regnata
772 2149 902 2216 Lycurgo,

174 2225 328 2292 Hospitium
347 2225 490 2293 antiquum
509 2226 605 2278 Troiae
623 2225 742 2293 sociique
762 2225 887 2290 Penates,
1002 2238 1026 2276 m

171 2299 243 2353 lium
263 2300 385 2355 Fortuna
401 2302 460 2355 fuit.
499 2302 583 2355 Feror
600 2302 660 2368 huc,
680 2306 709 2356 et
726 2302 806 2356 litore
823 2317 904 2354 crrrvo

171 2375 279 2431 Moenia
296 2381 384 2446 prima
402 2378 468 2446 loeo,
485 2379 550 2432 satis
568 2379 708 2446 ingressus
727 2379 833 2448 iniquia,

171 2455 371 2524 Aeneadasque
389 2471 449 2508 meo
467 2471 565 2509 nomen
585 2456 620 2509 dc
639 2457 746 2509 nornine
765 2457 844 2524 fingo.

205 2531 286 2584 Sacra
306 2532 442 2586 Dionaeae
460 2534 541 2587 matri
559 2533 684 2600 divisque
701 2533 824 2586 ferebam

171 2608 337 2676 Auspicibus
355 2613 513 2678 coeptorum
531 2627 653 2680 operum,
672 2627 826 2678 superoque
844 2611 979 2663 nitentem
1003 2621 1027 2660 ae

171 2684 334 2738 Caelicolum
353 2687 411 2754 regi
429 2686 581 2741 mactabam
600 2688 628 2740 in
647 2688 727 2740 litere
745 2691 863 2742 taurum.

172 2759 255 2814 Forte
273 2760 325 2816 fuit
343 2762 421 2816 iuxta
439 2764 568 2829 tumulus,
586 2781 640 2833 quo
658 2780 756 2817 cornea
774 2778 879 2816 summo

171 2835 300 2905 virgulta
317 2844 347 2893 et
365 2839 457 2894 densis
475 2840 620 2894 hastilibus
639 2841 749 2893 horrida
767 2844 880 2908 myrtus.

171 2914 291 2982 Accessi,
309 2916 482 2985 viridemque
500 2917 535 2970 ab
553 2917 636 2970 hume
654 2917 807 2971 convellere
825 2917 920 2970 silvam

164 2989 300 3057 Coactus,
319 2993 402 3044 ramis
420 2997 542 3062 tegerem
560 2998 592 3048 ut
610 2993 801 3047 frondentibus
820 3009 888 3059 arae,
1000 3010 1023 3050 aa

173 3065 349 3120 ilorrcndum
370 3073 399 3122 ct
417 3069 492 3124 dictu
511 3070 590 3124 video
608 3070 732 3124 mirabile
750 3074 908 3123 monstrum.

172 3141 252 3210 Nam,
270 3159 341 3212 quae
359 3146 447 3212 prima
465 3147 521 3199 solo
539 3149 628 3216 ruptis
646 3147 782 3201 radicibus
800 3146 880 3200 arbos

175 3218 300 3282 vellitur,
319 3221 380 3274 haic
398 3226 458 3274 atro
476 3223 619 3292 liquuntur
636 3223 766 3292 sanguine
783 3226 879 3291 guttae
