2242 3550
379 675 408 725 P.
432 672 587 722 VERGILI
610 668 778 720 MARONIS

347 795 385 872 G
403 796 437 868 E
457 796 490 870 O
510 796 548 867 R
567 795 603 868 G
621 795 642 866 Ι
661 793 691 868 Ο
712 792 745 867 O
766 789 805 864 N

414 962 532 1015 uranu
557 960 743 1026 eunucus,

533 1135 631 1164 -4-

152 1283 295 1336 Paeninus
314 1282 381 1336 aerii
400 1283 488 1336 mellis
507 1282 636 1335 caelestia
654 1281 726 1334 duna

152 1359 301 1427 Exsequar.
339 1359 418 1412 Hanc
436 1359 527 1424 etiam,
548 1357 699 1422 Maecenas,
717 1357 808 1426 aspice
826 1360 940 1426 purtem

156 1435 328 1488 Admiranda
347 1435 397 1488 tibi
416 1435 516 1488 levium
535 1433 690 1502 spectacula
708 1451 800 1486 rerum

153 1511 400 1578 Magnanimosque
419 1511 503 1564 duces
522 1511 662 1578 tutiusque
681 1510 776 1563 ordine
794 1511 886 1578 gentis

151 1587 243 1640 Mores
263 1591 293 1640 et
312 1588 403 1640 studia
422 1591 450 1640 et
468 1587 580 1656 populos
599 1592 628 1641 et
646 1588 749 1656 proelia
770 1587 866 1642 dicam.
995 1603 1008 1640 e

152 1665 184 1717 In
203 1664 280 1717 tenui
300 1663 392 1728 lab0r;
414 1668 443 1718 at
462 1665 552 1718 tenuis
571 1682 624 1718 nen
644 1664 738 1732 gloria,
758 1665 881 1732 siquem

152 1740 272 1794 Numina
291 1740 367 1794 laeva
387 1741 478 1793 sinunt
498 1740 630 1808 auditque
650 1744 762 1794 vecutus
781 1741 888 1809 Apollo.

188 1817 324 1884 Principio
344 1816 423 1869 sedes
442 1815 538 1884 apibus
559 1818 696 1884 statioque
714 1818 841 1887 petenda

151 1895 211 1959 Quo
230 1909 319 1962 neque
338 1894 374 1946 sit
392 1895 482 1947 ventis
502 1895 697 1958 aditus-nam
716 1895 816 1962 pabula
834 1898 907 1949 venti

151 1971 236 2024 Ferre
250 1971 360 2024 demum
374 1971 645 2040 prohibent—neque
659 1989 722 2024 oves
735 1971 869 2039 haedique
882 1973 982 2040 petulci

152 2046 276 2100 Floribus
295 2047 434 2113 insultent,
455 2053 503 2101 aut
523 2064 616 2100 errans
636 2047 734 2100 bucula
752 2065 847 2116 campe
986 2062 1008 2100 11

151 2124 280 2178 Decutiat
299 2141 397 2190 rorem,
418 2130 447 2178 et
465 2125 602 2192 surgentis
622 2128 726 2177 atterat
744 2124 848 2177 herbas.

152 2200 253 2253 Absint
271 2205 300 2253 et
318 2201 384 2268 picti
405 2201 558 2270 squalentia
577 2205 656 2269 terga
674 2201 769 2254 lacerti

152 2277 302 2344 Pinguibus
321 2296 338 2331 a
357 2278 480 2345 stabulis
501 2295 690 2348 meropesque,
709 2279 833 2348 aliaeque
850 2279 982 2336 volucres.

152 2356 189 2408 Et
208 2355 331 2408 manibus
353 2356 455 2409 Procne
476 2361 570 2424 pectus
591 2357 696 2424 signata
714 2357 847 2420 ementis;
986 2371 1009 2408 1⁶

152 2433 250 2485 Omnia
269 2449 331 2485 nam
350 2433 405 2486 late
425 2437 541 2499 vastant,
561 2435 689 2503 ipsasque
709 2434 823 2486 volantis

151 2509 207 2563 Ore
225 2509 319 2562 serunt
339 2509 445 2563 dulcem
466 2511 537 2563 nidis
556 2510 695 2565 inmitibus
716 2527 811 2564 escam.

153 2590 193 2640 At
211 2586 306 2654 liquidi
326 2587 415 2640 fontes
435 2594 463 2642 et
484 2593 582 2656 stagna
600 2590 715 2643 virentia
733 2605 824 2642 museo

153 2665 262 2731 Adsint,
283 2669 311 2718 et
330 2667 418 2719 tenuis
438 2669 543 2734 fugiens
563 2685 613 2735 per
631 2669 753 2736 gramina
770 2667 851 2732 rivus,

153 2743 301 2810 Palmaque
323 2742 485 2797 vestibulum
505 2748 552 2798 aut
571 2746 667 2814 ingens
686 2745 803 2798 oleaster
821 2741 968 2805 inumbret,

152 2819 199 2886 Ut,
219 2835 280 2872 cum
298 2819 387 2887 prima
406 2821 467 2873 novi
488 2822 589 2876 ducent
607 2823 732 2875 examina
749 2835 828 2887 reges
987 2830 1010 2869 21

153 2896 227 2951 Vere
246 2913 300 2964 sue,
320 2896 452 2966 ludetque
471 2900 538 2952 favis
557 2900 654 2953 emissa
672 2898 805 2962 inventum,

153 2975 248 3028 Vicina
266 2975 363 3028 invitet
384 2975 518 3030 decedere
537 2978 597 3045 ripa
616 2977 705 3040 calmi,

153 3053 296 3120 Obviaque
314 3051 437 3121 hospitiis
455 3058 547 3108 teneat
564 3053 756 3106 frondentibus
774 3049 861 3103 arbos.

154 3129 186 3184 ln
207 3130 334 3193 medium,
354 3145 402 3182 seu
421 3131 505 3185 stabit
523 3133 603 3192 iners,
624 3146 671 3182 sen
690 3129 809 3198 profluet
826 3127 931 3193 humer,
987 3139 1011 3177 as

154 3209 334 3261 Transversas
352 3206 446 3259 salices
465 3212 493 3260 et
511 3207 626 3275 grandia
644 3207 745 3260 coniice
764 3222 836 3270 saxa,
