2242 3550
126 138 156 182 66
362 135 566 184 GEORGIOON
590 136 657 184 ΜΒ.
683 135 736 184 111.

128 214 235 281 Vipera,
256 217 285 266 et
302 214 411 266 attoniti
432 216 551 281 squamis
571 216 744 270 adstantibus
763 217 848 284 hydri.
941 235 978 275 545

128 292 197 359 Ipsis
216 297 258 344 est
276 308 323 343 aer
342 292 438 344 aribus
458 309 509 344 non
529 310 640 360 aequus,
660 301 689 346 et
707 293 769 348 illae

127 367 292 436 Praecipites
310 368 366 421 alta
386 369 467 420 vitam
488 369 538 422 sub
558 369 628 422 nube
648 371 812 438 relinquunt.

128 447 272 498 Praeterea
291 447 343 498 iam
364 462 412 498 nee
432 446 530 498 mutari
550 446 651 514 pabula
670 448 760 513 refert,

125 523 325 590 eraesitaeque
344 527 441 575 nocent
460 527 549 587 artes3
571 539 677 576 cessere
695 525 826 593 magistri,

125 600 286 668 Phillyrides
307 599 407 652 Chiron
430 599 681 667 Amythaoniusque
700 601 859 670 hlelampus.
942 620 977 659 550

124 678 222 744 Saevit,
242 683 270 730 et
289 678 315 728 in
335 676 421 728 lucem
441 677 541 745 Stygiis
560 677 658 730 emissa
677 679 798 730 tenebris

124 755 230 808 Pallida
249 753 394 821 Tisiphone
413 753 524 806 Morbos
543 755 683 822 agitante
703 755 871 822 Metumque,

124 833 212 901 Inque
231 831 289 884 dies
308 830 418 884 avidum
438 847 552 898 surgens
572 835 654 899 eaput
672 830 754 884 altius
773 831 858 885 etl'ert

123 908 221 962 Balatu
240 925 368 976 pecorum
387 911 415 960 et
433 907 537 961 crebris
556 907 705 974 nmgitibns
724 923 816 960 ornnes

125 987 297 1054 Arentesque
315 989 412 1038 sonant
430 985 505 1053 ripae
524 984 662 1052 collesque
681 984 776 1051 supini.
941 1000 976 1039 aaa

124 1062 238 1131 Iamque
255 1063 415 1116 catervatim
435 1061 483 1114 dat
502 1065 621 1128 stragem
640 1065 724 1128 atque
743 1064 856 1129 aggerat
874 1062 939 1128 ipsis

124 1138 156 1192 In
176 1139 290 1193 stabulis
307 1139 380 1208 turpi
400 1139 505 1206 dilapsa
524 1138 656 1191 cadavera
675 1137 746 1204 tabo,

123 1215 215 1270 Donec
233 1216 314 1269 humo
333 1220 428 1283 tegere
446 1215 578 1268 aesoveis
597 1214 763 1267 abscondere
781 1216 895 1270 diseunt.

122 1293 147 1344 N
150 1310 193 1346 am
212 1311 302 1362 neque
321 1298 380 1346 erat
398 1293 478 1345 coriis
497 1308 570 1358 usus,
589 1308 638 1344 neo
658 1293 761 1344 viscera
781 1291 924 1360 quisquam

123 1371 182 1424 Aut
199 1371 279 1423 undis
298 1370 407 1423 abolere
426 1372 592 1437 potestant
611 1369 719 1420 vincere
738 1367 859 1432 flamma;
937 1384 974 1424 too

123 1445 166 1500 h'e
184 1447 297 1500 tondere
317 1447 427 1514 quidem
447 1445 542 1497 morbo
561 1445 718 1513 inluvieque
738 1461 835 1513 peresa

123 1523 233 1577 Vellera
251 1540 300 1576 nee
319 1523 387 1576 telas
406 1527 519 1590 possunt
538 1523 675 1588 attingere
693 1521 797 1589 putris;

124 1599 226 1654 Verum
245 1602 334 1666 etiam,
354 1600 453 1652 invisos
471 1599 493 1651 si
512 1599 574 1666 quis
593 1602 743 1666 temptarat
761 1599 884 1665 amictus,

123 1677 261 1732 Ardentes
279 1678 392 1746 papulae
410 1682 494 1746 atque
513 1675 658 1728 hnnundns
676 1675 777 1728 olentia
795 1675 877 1728 srulor

122 1753 247 1807 Membra
265 1755 435 1822 sequebatur,
454 1771 503 1807 nee
522 1753 601 1819 longo
620 1751 721 1804 deinde
740 1752 855 1804 annunti
937 1768 974 1807 tae

122 1830 255 1900 Tempore
272 1836 409 1885 contactos
428 1835 504 1884 artus
523 1844 599 1882 sacer
616 1826 687 1887 ignis
706 1825 814 1880 edebat.
