2232 3556
135 159 186 208 '256
371 157 400 206 P.
419 155 572 204 VERGILI
589 155 754 206 MARONIS

140 237 299 306 inpediunt,
318 237 444 306 fallitque
462 237 546 292 timor
564 238 675 304 regione
692 238 806 292 viarum.

140 313 224 366 Nisus
242 312 316 378 abit3
340 314 448 382 iamque
465 313 615 382 inprudens
633 318 758 368 evaserat
776 313 863 368 hostis

143 391 237 457 Atque
255 390 335 457 locos,
355 391 401 457 qui
419 395 482 458 post
502 390 590 442 Albae
608 389 643 442 de
660 390 770 444 nomine
789 390 857 444 dieti

142 466 251 533 Albani,
270 472 330 521 tum
349 484 397 518 rex
416 467 523 520 stabula
541 466 597 520 alta
616 466 731 519 Latinus
749 466 884 521 habebat:

142 543 182 596 Ut
199 543 286 610 stetit,
303 547 332 596 et
348 543 452 595 frustra
469 542 611 596 absentem
629 543 751 610 respexit
768 543 892 597 enricum.

142 619 259 687 Euryale
277 619 379 687 infelix,
399 635 452 686 qua
470 623 499 672 te
517 620 628 686 regione
647 619 765 687 reliquii
954 635 991 674 seo

143 695 236 760 erave
255 713 361 764 sequar,
379 711 474 748 rursus
492 695 652 764 perplexum
671 696 725 748 iter
742 711 822 748 omne
840 695 982 749 revolvens

145 772 258 826 Fallacia
276 773 378 826 silvael
410 772 495 825 Simul
514 775 543 825 et
561 772 677 839 vestigia
694 775 770 824 retro

143 848 296 901 Observata
313 848 388 916 legit,
408 848 552 916 dumisque
570 848 713 902 silentibus
731 852 814 902 errat.

144 925 233 977 Audit
252 941 343 993 equos,
362 924 441 976 audit
459 925 590 992 strepitus
608 928 637 977 et
656 925 733 992 signa
751 927 922 992 sequentum.

143 1001 168 1055 N
171 1018 202 1054 eo
216 1002 327 1068 longum
341 1001 369 1053 in
385 1001 476 1054 medio
492 1004 608 1069 tempus,
621 1017 682 1054 eum
695 1001 796 1054 clamor
811 1000 847 1052 ad
859 1001 932 1053 auris
952 1015 989 1054 soe

145 1077 281 1145 Pervenit,
293 1095 324 1131 ne
339 1076 415 1130 videt
430 1077 592 1144 Euryalum3
614 1093 696 1144 quem
713 1077 768 1130 iarn
784 1093 880 1130 manus
894 1075 988 1142 omnis,

145 1155 254 1208 Fraude
271 1155 321 1207 loci
341 1157 370 1206 et
388 1154 481 1220 noctis,
500 1153 591 1206 subito
609 1153 739 1206 turbante
756 1153 884 1216 tumultu,

144 1231 310 1299 Oppressum
328 1230 400 1298 rapit
419 1234 447 1282 et
465 1232 606 1282 conantem
624 1229 742 1297 plurima
759 1229 867 1282 frustra.

145 1306 217 1370 Quid
233 1307 332 1360 fecisti
356 1322 410 1374 qua
428 1306 454 1357 vi
471 1307 604 1372 iuvenem,
623 1304 722 1374 quibus
740 1305 842 1358 audeat
858 1305 942 1358 armis

145 1383 275 1452 llriperel
299 1399 333 1436 an
352 1398 411 1435 sese
430 1382 534 1434 medios
552 1381 699 1434 moriturus
716 1381 744 1434 in
762 1397 842 1434 enses
951 1395 990 1433 seo

144 1459 255 1517 Inferet.
274 1463 303 1512 et
320 1457 460 1526 pulchram
478 1460 608 1526 properet
625 1474 675 1525 per
692 1457 803 1510 volnera
820 1458 953 1510 morteml

143 1533 225 1587 Ocius
243 1534 361 1586 adducto
379 1537 510 1600 torquens
528 1533 625 1586 hastile
643 1534 753 1601 lacerto,

143 1611 295 1678 Suspiciens
313 1609 396 1662 altam
415 1608 451 1662 ad
470 1609 580 1676 Lunam,
600 1610 638 1663 sie
656 1627 720 1663 voee
737 1612 878 1677 precatur:

143 1687 189 1751 Tu,
207 1685 265 1748 dea,
283 1689 315 1740 tu
332 1701 462 1754 praesens
480 1689 574 1739 nostro
592 1703 719 1739 succurre
736 1685 830 1750 labori,

143 1767 288 1816 Astrorum
307 1763 390 1814 decus
404 1767 433 1815 et
449 1756 590 1814 nemorum
610 1761 725 1816 Latonia
742 1765 848 1826 custos;
952 1779 990 1818 soe

142 1839 170 1892 Si
189 1855 243 1906 qua
260 1839 315 1891 tuis
334 1855 462 1906 umquam
480 1854 530 1906 pro
548 1855 592 1890 me
610 1844 689 1905 pater
708 1837 846 1904 Hyrtacus
863 1837 917 1892 eris

142 1915 219 1968 Dona
237 1915 308 1982 tulit,
327 1916 350 1968 si
369 1932 423 1982 qun
440 1915 499 1982 ipse
517 1915 585 1967 meis
603 1913 746 1967 venatibus
764 1913 834 1981 auxi,

142 1992 309 2061 suspendive
326 1992 409 2054 tholo,
427 1995 476 2044 aut
494 2007 570 2044 sacra
588 1991 624 2043 ad
642 1991 751 2058 fastigia
768 1991 832 2056 fixi3

142 2070 224 2122 Hune
241 2070 300 2122 sine
316 2086 360 2122 me
375 2068 489 2121 turbare
503 2067 621 2134 globum,
636 2070 665 2120 et
680 2083 746 2133 rege
762 2067 819 2120 tela
834 2083 884 2134 per
899 2082 990 2122 auras.

142 2144 263 2210 Dixerat,
282 2149 311 2198 et
328 2149 387 2198 toto
405 2145 534 2198 connixus
552 2159 664 2210 corpore
681 2143 783 2196 ferrum
950 2157 990 2196 410

141 2221 263 2274 Goniieit.
301 2222 391 2274 Hasta
408 2221 501 2272 volans
518 2218 606 2271 noctis
624 2218 781 2272 diverberat
798 2217 916 2285 umbras,

141 2297 177 2350 Et
195 2298 270 2350 venit
287 2297 375 2350 aversi
393 2296 421 2348 in
441 2299 549 2362 tergum
568 2294 710 2361 Sulmonis,
728 2293 825 2362 ibique

141 2377 296 2444 Frangitur,
315 2394 346 2430 ae
363 2377 428 2428 fisso
445 2377 544 2429 transit
561 2375 722 2443 praecordia
739 2375 820 2443 ligno.

140 2453 268 2506 Volvitur
286 2453 332 2506 ille
349 2468 460 2505 vomens
479 2451 596 2504 calidum
615 2452 650 2505 de
668 2455 778 2520 pectore
796 2451 897 2505 flumen

140 2528 277 2596 Frigidae,
296 2532 325 2582 et
342 2527 430 2595 longis
449 2527 612 2594 singultibus
630 2528 677 2580 ilia
694 2529 791 2594 pulsat.
951 2545 990 2585 415

141 2605 249 2658 Diversi
267 2603 495 2672 circumspiciunt.
532 2604 592 2656 Hoc
610 2605 697 2656 aerior
714 2603 788 2657 idem

142 2682 210 2733 lloce
228 2681 303 2734 aliud
322 2697 427 2732 summa
444 2680 529 2732 telum
547 2679 667 2732 librabat
684 2679 719 2732 ab
737 2695 809 2734 aure.

140 2755 213 2808 Dum
231 2757 380 2823 trepidant,
399 2756 432 2808 iit
449 2756 527 2808 hasta
546 2755 618 2822 Tago
636 2772 686 2822 per
703 2759 812 2824 tempus
830 2761 990 2826 utrumque,

140 2831 272 2896 Stridens
290 2832 461 2897 traiectoque
479 2831 567 2882 haesit
584 2831 721 2897 tepefacta
738 2831 857 2884 cerebro

140 2907 233 2960 Saevit
250 2911 330 2960 atrox
349 2907 488 2971 Volsonis,
506 2922 556 2958 nee
573 2906 622 2958 teli
640 2906 771 2973 conspicit
789 2924 904 2974 usquam
951 2925 990 2962 sse

140 2983 298 3050 Auctorem,
317 3000 367 3035 nee
385 2998 439 3050 quo
457 2997 486 3033 se
504 2981 604 3033 ardens
621 2981 761 3034 inmittere
778 2985 870 3050 possit.

139 3057 181 3108 'lu
198 3061 290 3110 tamen
309 3059 415 3110 interea
433 3056 521 3109 calido
539 3055 604 3107 mihi
624 3057 753 3123 sanguine
771 3075 872 3125 poenas

141 3130 284 3184 Persolves
302 3133 450 3198 amborum,
470 3131 573 3198 inquit;
598 3131 678 3182 simul
696 3149 760 3185 ense
778 3133 882 3186 recluso

140 3203 205 3258 ibat
222 3204 250 3260 in
269 3209 422 3277 Euryalum.
459 3207 526 3263 Tum
545 3223 608 3262 vero
626 3207 782 3275 exterritus,
801 3225 901 3277 mnens,
