<?xml version="1.0" encoding="UTF-8"?>
<!DOCTYPE html PUBLIC "-//W3C//DTD XHTML 1.0 Transitional//EN"
    "http://www.w3.org/TR/xhtml1/DTD/xhtml1-transitional.dtd">
<html xmlns="http://www.w3.org/1999/xhtml" xml:lang="en" lang="en">
 <head>
  <title>
</title>
<meta http-equiv="Content-Type" content="text/html;charset=utf-8" />
  <meta name='ocr-system' content='tesseract 3.04.00' />
  <meta name='ocr-capabilities' content='ocr_page ocr_carea ocr_par ocr_line ocrx_word'/>
</head>
<body>
  <div class='ocr_page' id='page_1' title='image "./operaexrecensio02virggoog_0141.png"; bbox 0 0 2274 3554; ppageno 0'>
   <div class='ocr_carea' id='block_1_1' title="bbox 411 123 1006 176">
    <p class='ocr_par' dir='ltr' id='par_1_1' title="bbox 411 123 1006 176">
     <span class='ocr_line' id='line_1_1' title="bbox 411 123 1006 176; baseline 0.008 -5"><span class='ocrx_word' id='word_1_1' title='bbox 411 123 596 174; x_wconf 83' lang='lat' dir='ltr'>AENEIDOS</span> <span class='ocrx_word' id='word_1_2' title='bbox 612 124 682 174; x_wconf 89' lang='lat' dir='ltr'>LlB.</span> <span class='ocrx_word' id='word_1_3' title='bbox 701 124 754 174; x_wconf 85' lang='lat'>111.</span> <span class='ocrx_word' id='word_1_4' title='bbox 961 130 1006 176; x_wconf 82' lang='lat'>129</span> 
     </span>
    </p>
   </div>
   <div class='ocr_carea' id='block_1_2' title="bbox 153 201 1053 3110">
    <p class='ocr_par' dir='ltr' id='par_1_2' title="bbox 157 201 902 352">
     <span class='ocr_line' id='line_1_2' title="bbox 158 201 902 269; baseline 0.005 -12"><span class='ocrx_word' id='word_1_5' title='bbox 158 201 293 269; x_wconf 82' lang='lat' dir='ltr'>inmundo</span> <span class='ocrx_word' id='word_1_6' title='bbox 302 225 308 269; x_wconf 93' lang='lat'>;</span> <span class='ocrx_word' id='word_1_7' title='bbox 326 208 386 258; x_wconf 89' lang='lat' dir='ltr'>tum</span> <span class='ocrx_word' id='word_1_8' title='bbox 403 221 456 258; x_wconf 82' lang='lat' dir='ltr'>vox</span> <span class='ocrx_word' id='word_1_9' title='bbox 474 207 595 258; x_wconf 83' lang='lat' dir='ltr'>taetrum</span> <span class='ocrx_word' id='word_1_10' title='bbox 614 205 675 259; x_wconf 88' lang='lat' dir='ltr'>dira</span> <span class='ocrx_word' id='word_1_11' title='bbox 692 206 765 260; x_wconf 88' lang='lat' dir='ltr'>inter</span> <span class='ocrx_word' id='word_1_12' title='bbox 782 205 902 262; x_wconf 88' lang='lat' dir='ltr'>odorem.</span> 
     </span>
     <span class='ocr_line' id='line_1_3' title="bbox 157 279 823 352; baseline 0.003 -18"><span class='ocrx_word' id='word_1_13' title='bbox 157 279 276 335; x_wconf 83' lang='lat' dir='ltr'><strong>Rursum</strong></span> <span class='ocrx_word' id='word_1_14' title='bbox 294 281 322 334; x_wconf 92' lang='lat' dir='ltr'>in</span> <span class='ocrx_word' id='word_1_15' title='bbox 340 297 449 335; x_wconf 87' lang='lat' dir='ltr'>secessu</span> <span class='ocrx_word' id='word_1_16' title='bbox 466 280 547 348; x_wconf 79' lang='lat' dir='ltr'>longo</span> <span class='ocrx_word' id='word_1_17' title='bbox 565 282 616 335; x_wconf 89' lang='lat' dir='ltr'>sub</span> <span class='ocrx_word' id='word_1_18' title='bbox 633 299 702 351; x_wconf 87' lang='lat' dir='ltr'>rupe</span> <span class='ocrx_word' id='word_1_19' title='bbox 720 287 823 352; x_wconf 63' lang='lat' dir='ltr'>cavata</span> 
     </span>
    </p>

    <p class='ocr_par' dir='ltr' id='par_1_3' title="bbox 156 357 1008 504">
     <span class='ocr_line' id='line_1_4' title="bbox 157 357 1008 428; baseline 0.005 -15"><span class='ocrx_word' id='word_1_20' title='bbox 157 357 310 413; x_wconf 79' lang='lat' dir='ltr'>Arboribus</span> <span class='ocrx_word' id='word_1_21' title='bbox 321 357 406 411; x_wconf 87' lang='lat' dir='ltr'>clausi</span> <span class='ocrx_word' id='word_1_22' title='bbox 418 357 520 411; x_wconf 88' lang='lat' dir='ltr'>circum</span> <span class='ocrx_word' id='word_1_23' title='bbox 532 362 615 427; x_wconf 86' lang='lat' dir='ltr'>atque</span> <span class='ocrx_word' id='word_1_24' title='bbox 627 358 802 413; x_wconf 75' lang='lat' dir='ltr'><strong>horrentibus</strong></span> <span class='ocrx_word' id='word_1_25' title='bbox 813 359 925 428; x_wconf 88' lang='lat' dir='ltr'>umbris,</span> <span class='ocrx_word' id='word_1_26' title='bbox 972 375 1008 416; x_wconf 67' lang='lat' dir='ltr'>aaa</span> 
     </span>
     <span class='ocr_line' id='line_1_5' title="bbox 156 434 869 504; baseline 0.006 -16"><span class='ocrx_word' id='word_1_27' title='bbox 156 435 320 488; x_wconf 87' lang='lat' dir='ltr'>lastruimus</span> <span class='ocrx_word' id='word_1_28' title='bbox 337 450 445 487; x_wconf 69' lang='lat' dir='ltr'>aienses</span> <span class='ocrx_word' id='word_1_29' title='bbox 463 434 572 502; x_wconf 89' lang='lat' dir='ltr'>arisque</span> <span class='ocrx_word' id='word_1_30' title='bbox 589 436 746 504; x_wconf 76' lang='lat' dir='ltr'><strong>reponimus</strong></span> <span class='ocrx_word' id='word_1_31' title='bbox 763 436 869 504; x_wconf 80' lang='lat' dir='ltr'>ignom:</span> 
     </span>
    </p>

    <p class='ocr_par' dir='ltr' id='par_1_4' title="bbox 157 509 830 580">
     <span class='ocr_line' id='line_1_6' title="bbox 157 509 830 580; baseline 0.003 -16"><span class='ocrx_word' id='word_1_32' title='bbox 157 512 274 564; x_wconf 80' lang='lat' dir='ltr'>Rursum</span> <span class='ocrx_word' id='word_1_33' title='bbox 293 527 328 563; x_wconf 82' lang='lat' dir='ltr'>ex</span> <span class='ocrx_word' id='word_1_34' title='bbox 346 509 455 564; x_wconf 89' lang='lat' dir='ltr'>diverso</span> <span class='ocrx_word' id='word_1_35' title='bbox 472 511 540 564; x_wconf 88' lang='lat' dir='ltr'>caeli</span> <span class='ocrx_word' id='word_1_36' title='bbox 557 512 698 580; x_wconf 78' lang='lat' dir='ltr'>caecisque</span> <span class='ocrx_word' id='word_1_37' title='bbox 715 512 830 566; x_wconf 88' lang='lat' dir='ltr'>latebris</span> 
     </span>
    </p>

    <p class='ocr_par' dir='ltr' id='par_1_5' title="bbox 156 586 1029 964">
     <span class='ocr_line' id='line_1_7' title="bbox 156 586 940 658; baseline 0.005 -18"><span class='ocrx_word' id='word_1_38' title='bbox 156 588 247 641; x_wconf 87' lang='lat' dir='ltr'>Turba</span> <span class='ocrx_word' id='word_1_39' title='bbox 265 604 364 641; x_wconf 84' lang='lat' dir='ltr'>sonans</span> <span class='ocrx_word' id='word_1_40' title='bbox 381 586 511 655; x_wconf 82' lang='lat' dir='ltr'>praedam</span> <span class='ocrx_word' id='word_1_41' title='bbox 523 588 646 656; x_wconf 89' lang='lat' dir='ltr'>pedibus</span> <span class='ocrx_word' id='word_1_42' title='bbox 663 590 839 644; x_wconf 90' lang='lat' dir='ltr'>circumvolat</span> <span class='ocrx_word' id='word_1_43' title='bbox 857 592 940 658; x_wconf 85' lang='lat' dir='ltr'>uncis,</span> 
     </span>
     <span class='ocr_line' id='line_1_8' title="bbox 160 663 906 734; baseline 0.008 -19"><span class='ocrx_word' id='word_1_44' title='bbox 160 665 257 718; x_wconf 82' lang='lat' dir='ltr'>l&#39;olluit</span> <span class='ocrx_word' id='word_1_45' title='bbox 276 680 323 717; x_wconf 86' lang='lat' dir='ltr'>ore</span> <span class='ocrx_word' id='word_1_46' title='bbox 341 663 433 731; x_wconf 74' lang='lat' dir='ltr'>depes</span> <span class='ocrx_word' id='word_1_47' title='bbox 470 665 553 718; x_wconf 74' lang='lat' dir='ltr'>Sociis</span> <span class='ocrx_word' id='word_1_48' title='bbox 570 669 642 731; x_wconf 91' lang='lat' dir='ltr'>tune,</span> <span class='ocrx_word' id='word_1_49' title='bbox 662 682 739 718; x_wconf 89' lang='lat' dir='ltr'>arma</span> <span class='ocrx_word' id='word_1_50' title='bbox 756 673 906 734; x_wconf 80' lang='lat' dir='ltr'>capessant,</span> 
     </span>
     <span class='ocr_line' id='line_1_9' title="bbox 159 739 1007 810; baseline 0.006 -17"><span class='ocrx_word' id='word_1_51' title='bbox 159 742 248 808; x_wconf 78' lang='lat' dir='ltr'>Edico,</span> <span class='ocrx_word' id='word_1_52' title='bbox 267 743 296 794; x_wconf 90' lang='lat' dir='ltr'>et</span> <span class='ocrx_word' id='word_1_53' title='bbox 314 740 374 793; x_wconf 86' lang='lat' dir='ltr'>dira</span> <span class='ocrx_word' id='word_1_54' title='bbox 391 739 493 793; x_wconf 90' lang='lat' dir='ltr'>bellum</span> <span class='ocrx_word' id='word_1_55' title='bbox 511 758 572 794; x_wconf 88' lang='lat' dir='ltr'>cum</span> <span class='ocrx_word' id='word_1_56' title='bbox 590 745 672 810; x_wconf 83' lang='lat' dir='ltr'>gente</span> <span class='ocrx_word' id='word_1_57' title='bbox 689 743 848 810; x_wconf 86' lang='lat' dir='ltr'>gerendum.</span> <span class='ocrx_word' id='word_1_58' title='bbox 972 759 1007 798; x_wconf 71' lang='lat' dir='ltr'>aaa</span> 
     </span>
     <span class='ocr_line' id='line_1_10' title="bbox 159 815 1029 886; baseline 0.008 -17"><span class='ocrx_word' id='word_1_59' title='bbox 159 817 241 871; x_wconf 89' lang='lat' dir='ltr'>Haud</span> <span class='ocrx_word' id='word_1_60' title='bbox 259 833 337 872; x_wconf 88' lang='lat' dir='ltr'>secus</span> <span class='ocrx_word' id='word_1_61' title='bbox 355 834 387 870; x_wconf 86' lang='lat' dir='ltr'>ac</span> <span class='ocrx_word' id='word_1_62' title='bbox 404 817 470 870; x_wconf 85' lang='lat' dir='ltr'>iussi</span> <span class='ocrx_word' id='word_1_63' title='bbox 488 815 599 885; x_wconf 87' lang='lat' dir='ltr'>faciunt,</span> <span class='ocrx_word' id='word_1_64' title='bbox 617 821 762 886; x_wconf 87' lang='lat' dir='ltr'>tectosque</span> <span class='ocrx_word' id='word_1_65' title='bbox 779 835 829 886; x_wconf 87' lang='lat' dir='ltr'>per</span> <span class='ocrx_word' id='word_1_66' title='bbox 845 819 958 874; x_wconf 85' lang='lat' dir='ltr'>herbam</span> <span class='ocrx_word' id='word_1_67' title='bbox 1024 857 1029 876; x_wconf 82' lang='grc'><strong>.</strong></span> 
     </span>
     <span class='ocr_line' id='line_1_11' title="bbox 156 894 824 964; baseline 0 -16"><span class='ocrx_word' id='word_1_68' title='bbox 156 895 310 964; x_wconf 87' lang='lat' dir='ltr'>Disponunt</span> <span class='ocrx_word' id='word_1_69' title='bbox 329 910 408 948; x_wconf 85' lang='lat' dir='ltr'>enses</span> <span class='ocrx_word' id='word_1_70' title='bbox 425 902 454 948; x_wconf 86' lang='lat' dir='ltr'>et</span> <span class='ocrx_word' id='word_1_71' title='bbox 473 897 549 948; x_wconf 82' lang='lat' dir='ltr'>senta</span> <span class='ocrx_word' id='word_1_72' title='bbox 566 894 680 948; x_wconf 86' lang='lat' dir='ltr'>latentia</span> <span class='ocrx_word' id='word_1_73' title='bbox 697 895 824 948; x_wconf 87' lang='lat' dir='ltr'>condunt.</span> 
     </span>
    </p>

    <p class='ocr_par' dir='ltr' id='par_1_6' title="bbox 158 970 864 1040">
     <span class='ocr_line' id='line_1_12' title="bbox 158 970 864 1040; baseline 0.001 -16"><span class='ocrx_word' id='word_1_74' title='bbox 158 973 229 1039; x_wconf 80' lang='lat' dir='ltr'>Ergo</span> <span class='ocrx_word' id='word_1_75' title='bbox 246 970 293 1024; x_wconf 91' lang='lat' dir='ltr'>ubi</span> <span class='ocrx_word' id='word_1_76' title='bbox 311 970 438 1040; x_wconf 79' lang='lat' dir='ltr'>delapsae</span> <span class='ocrx_word' id='word_1_77' title='bbox 456 970 575 1024; x_wconf 89' lang='lat' dir='ltr'>sonitum</span> <span class='ocrx_word' id='word_1_78' title='bbox 592 987 642 1039; x_wconf 88' lang='lat' dir='ltr'>per</span> <span class='ocrx_word' id='word_1_79' title='bbox 659 987 744 1024; x_wconf 88' lang='lat' dir='ltr'>curva</span> <span class='ocrx_word' id='word_1_80' title='bbox 761 971 864 1025; x_wconf 88' lang='lat' dir='ltr'>dedero</span> 
     </span>
    </p>

    <p class='ocr_par' dir='ltr' id='par_1_7' title="bbox 157 1047 846 1116">
     <span class='ocr_line' id='line_1_13' title="bbox 157 1047 846 1116; baseline 0 -16"><span class='ocrx_word' id='word_1_81' title='bbox 157 1048 257 1115; x_wconf 85' lang='lat' dir='ltr'>Litora,</span> <span class='ocrx_word' id='word_1_82' title='bbox 275 1047 325 1101; x_wconf 89' lang='lat' dir='ltr'>dat</span> <span class='ocrx_word' id='word_1_83' title='bbox 343 1049 450 1116; x_wconf 84' lang='lat' dir='ltr'>signum</span> <span class='ocrx_word' id='word_1_84' title='bbox 468 1047 577 1115; x_wconf 86' lang='lat' dir='ltr'>specula</span> <span class='ocrx_word' id='word_1_85' title='bbox 595 1047 718 1100; x_wconf 89' lang='lat' dir='ltr'>Misenus</span> <span class='ocrx_word' id='word_1_86' title='bbox 736 1047 771 1100; x_wconf 92' lang='lat' dir='ltr'>ab</span> <span class='ocrx_word' id='word_1_87' title='bbox 789 1047 846 1100; x_wconf 86' lang='lat' dir='ltr'>alta</span> 
     </span>
    </p>

    <p class='ocr_par' dir='ltr' id='par_1_8' title="bbox 155 1123 1053 1424">
     <span class='ocr_line' id='line_1_14' title="bbox 157 1123 1005 1194; baseline 0.004 -17"><span class='ocrx_word' id='word_1_88' title='bbox 157 1127 230 1178; x_wconf 88' lang='lat' dir='ltr'>Aere</span> <span class='ocrx_word' id='word_1_89' title='bbox 248 1141 320 1178; x_wconf 84' lang='lat' dir='ltr'>cavo</span> <span class='ocrx_word' id='word_1_90' title='bbox 358 1124 497 1178; x_wconf 78' lang='lat' dir='ltr'>Invadunt</span> <span class='ocrx_word' id='word_1_91' title='bbox 514 1123 587 1191; x_wconf 86' lang='lat' dir='ltr'>socii,</span> <span class='ocrx_word' id='word_1_92' title='bbox 605 1128 634 1176; x_wconf 89' lang='lat' dir='ltr'>et</span> <span class='ocrx_word' id='word_1_93' title='bbox 652 1140 722 1176; x_wconf 87' lang='lat' dir='ltr'>nova</span> <span class='ocrx_word' id='word_1_94' title='bbox 739 1124 842 1192; x_wconf 88' lang='lat' dir='ltr'>proelia</span> <span class='ocrx_word' id='word_1_95' title='bbox 860 1128 1005 1194; x_wconf 82' lang='lat' dir='ltr'>temptant,</span> 
     </span>
     <span class='ocr_line' id='line_1_15' title="bbox 156 1200 1053 1270; baseline 0.003 -17"><span class='ocrx_word' id='word_1_96' title='bbox 156 1201 294 1255; x_wconf 74' lang='lat' dir='ltr'>obscenas</span> <span class='ocrx_word' id='word_1_97' title='bbox 311 1203 400 1270; x_wconf 79' lang='lat' dir='ltr'>pelagi</span> <span class='ocrx_word' id='word_1_98' title='bbox 418 1202 490 1254; x_wconf 86' lang='lat' dir='ltr'>ferro</span> <span class='ocrx_word' id='word_1_99' title='bbox 507 1201 619 1254; x_wconf 84' lang='lat' dir='ltr'>foedare</span> <span class='ocrx_word' id='word_1_100' title='bbox 637 1200 766 1254; x_wconf 89' lang='lat' dir='ltr'>volucres.</span> <span class='ocrx_word' id='word_1_101' title='bbox 970 1218 1005 1256; x_wconf 75' lang='lat'>241</span> <span class='ocrx_word' id='word_1_102' title='bbox 1050 1232 1053 1238; x_wconf 94' lang='lat'><em>·</em></span> 
     </span>
     <span class='ocr_line' id='line_1_16' title="bbox 155 1277 898 1347; baseline 0 -15"><span class='ocrx_word' id='word_1_103' title='bbox 155 1278 210 1332; x_wconf 85' lang='lat' dir='ltr'>Sed</span> <span class='ocrx_word' id='word_1_104' title='bbox 228 1295 316 1347; x_wconf 88' lang='lat' dir='ltr'>neque</span> <span class='ocrx_word' id='word_1_105' title='bbox 335 1279 389 1332; x_wconf 85' lang='lat' dir='ltr'>vim</span> <span class='ocrx_word' id='word_1_106' title='bbox 407 1278 506 1347; x_wconf 87' lang='lat' dir='ltr'>plumis</span> <span class='ocrx_word' id='word_1_107' title='bbox 524 1277 606 1330; x_wconf 89' lang='lat' dir='ltr'>ullam</span> <span class='ocrx_word' id='word_1_108' title='bbox 624 1293 675 1330; x_wconf 87' lang='lat' dir='ltr'>nec</span> <span class='ocrx_word' id='word_1_109' title='bbox 693 1277 803 1330; x_wconf 84' lang='lat' dir='ltr'>volnera</span> <span class='ocrx_word' id='word_1_110' title='bbox 820 1281 898 1346; x_wconf 84' lang='lat' dir='ltr'>tergo</span> 
     </span>
     <span class='ocr_line' id='line_1_17' title="bbox 156 1353 832 1424; baseline 0 -16"><span class='ocrx_word' id='word_1_111' title='bbox 156 1356 308 1424; x_wconf 80' lang='lat' dir='ltr'>Accipiunt,</span> <span class='ocrx_word' id='word_1_112' title='bbox 327 1355 464 1423; x_wconf 88' lang='lat' dir='ltr'>celerique</span> <span class='ocrx_word' id='word_1_113' title='bbox 480 1354 546 1422; x_wconf 85' lang='lat' dir='ltr'>fuga</span> <span class='ocrx_word' id='word_1_114' title='bbox 563 1354 614 1407; x_wconf 88' lang='lat' dir='ltr'>sub</span> <span class='ocrx_word' id='word_1_115' title='bbox 632 1353 724 1406; x_wconf 87' lang='lat' dir='ltr'>sidera</span> <span class='ocrx_word' id='word_1_116' title='bbox 741 1354 832 1422; x_wconf 85' lang='lat' dir='ltr'>lapsae</span> 
     </span>
    </p>

    <p class='ocr_par' dir='ltr' id='par_1_9' title="bbox 155 1430 909 1501">
     <span class='ocr_line' id='line_1_18' title="bbox 155 1430 909 1501; baseline 0.001 -16"><span class='ocrx_word' id='word_1_117' title='bbox 155 1432 302 1486; x_wconf 87' lang='lat' dir='ltr'>Semiesam</span> <span class='ocrx_word' id='word_1_118' title='bbox 320 1431 451 1501; x_wconf 81' lang='lat' dir='ltr'>praedam</span> <span class='ocrx_word' id='word_1_119' title='bbox 469 1437 498 1485; x_wconf 89' lang='lat' dir='ltr'>et</span> <span class='ocrx_word' id='word_1_120' title='bbox 516 1431 630 1498; x_wconf 83' lang='lat' dir='ltr'>vestigia</span> <span class='ocrx_word' id='word_1_121' title='bbox 647 1430 728 1484; x_wconf 87' lang='lat' dir='ltr'>foeda</span> <span class='ocrx_word' id='word_1_122' title='bbox 745 1431 909 1500; x_wconf 86' lang='lat' dir='ltr'>relinquunt.</span> 
     </span>
    </p>

    <p class='ocr_par' dir='ltr' id='par_1_10' title="bbox 156 1507 1005 1654">
     <span class='ocr_line' id='line_1_19' title="bbox 156 1507 1005 1578; baseline 0.001 -16"><span class='ocrx_word' id='word_1_123' title='bbox 156 1509 217 1562; x_wconf 90' lang='lat' dir='ltr'>Una</span> <span class='ocrx_word' id='word_1_124' title='bbox 234 1510 262 1562; x_wconf 93' lang='lat' dir='ltr'>in</span> <span class='ocrx_word' id='word_1_125' title='bbox 279 1509 417 1578; x_wconf 88' lang='lat' dir='ltr'>praecelsa</span> <span class='ocrx_word' id='word_1_126' title='bbox 434 1509 559 1562; x_wconf 89' lang='lat' dir='ltr'>consedit</span> <span class='ocrx_word' id='word_1_127' title='bbox 576 1525 644 1578; x_wconf 89' lang='lat' dir='ltr'>rupe</span> <span class='ocrx_word' id='word_1_128' title='bbox 663 1507 789 1574; x_wconf 84' lang='lat' dir='ltr'>Celaeno,</span> <span class='ocrx_word' id='word_1_129' title='bbox 970 1524 1005 1563; x_wconf 75' lang='lat' dir='ltr'>aec</span> 
     </span>
     <span class='ocr_line' id='line_1_20' title="bbox 157 1585 870 1654; baseline 0.003 -16"><span class='ocrx_word' id='word_1_130' title='bbox 157 1585 253 1640; x_wconf 80' lang='lat' dir='ltr'>Infelix</span> <span class='ocrx_word' id='word_1_131' title='bbox 272 1591 354 1653; x_wconf 84' lang='lat' dir='ltr'>vates,</span> <span class='ocrx_word' id='word_1_132' title='bbox 374 1586 530 1654; x_wconf 83' lang='lat' dir='ltr'>rumpitque</span> <span class='ocrx_word' id='word_1_133' title='bbox 548 1586 617 1639; x_wconf 87' lang='lat' dir='ltr'>hanc</span> <span class='ocrx_word' id='word_1_134' title='bbox 635 1588 746 1654; x_wconf 84' lang='lat' dir='ltr'>pectore</span> <span class='ocrx_word' id='word_1_135' title='bbox 764 1601 870 1640; x_wconf 80' lang='lat' dir='ltr'>rocem:</span> 
     </span>
    </p>

    <p class='ocr_par' dir='ltr' id='par_1_11' title="bbox 155 1661 946 1807">
     <span class='ocr_line' id='line_1_21' title="bbox 156 1661 946 1731; baseline 0 -15"><span class='ocrx_word' id='word_1_136' title='bbox 156 1662 261 1716; x_wconf 90' lang='lat' dir='ltr'>Bellum</span> <span class='ocrx_word' id='word_1_137' title='bbox 280 1663 361 1716; x_wconf 87' lang='lat' dir='ltr'>etiam</span> <span class='ocrx_word' id='word_1_138' title='bbox 380 1679 430 1731; x_wconf 91' lang='lat' dir='ltr'>pro</span> <span class='ocrx_word' id='word_1_139' title='bbox 448 1661 532 1716; x_wconf 90' lang='lat' dir='ltr'>caede</span> <span class='ocrx_word' id='word_1_140' title='bbox 550 1662 632 1715; x_wconf 80' lang='lat' dir='ltr'>boum</span> <span class='ocrx_word' id='word_1_141' title='bbox 651 1661 802 1730; x_wconf 86' lang='lat' dir='ltr'>stratisque</span> <span class='ocrx_word' id='word_1_142' title='bbox 820 1663 946 1730; x_wconf 83' lang='lat' dir='ltr'>iuvencis,</span> 
     </span>
     <span class='ocr_line' id='line_1_22' title="bbox 155 1738 807 1807; baseline -0.005 -14"><span class='ocrx_word' id='word_1_143' title='bbox 155 1739 411 1806; x_wconf 82' lang='lat' dir='ltr'>Laomedontiadas,</span> <span class='ocrx_word' id='word_1_144' title='bbox 432 1738 569 1792; x_wconf 87' lang='lat' dir='ltr'>bellumne</span> <span class='ocrx_word' id='word_1_145' title='bbox 586 1739 687 1792; x_wconf 86' lang='lat' dir='ltr'>inferre</span> <span class='ocrx_word' id='word_1_146' title='bbox 704 1739 807 1807; x_wconf 87' lang='lat' dir='ltr'>paratis</span> 
     </span>
    </p>

    <p class='ocr_par' dir='ltr' id='par_1_12' title="bbox 155 1815 822 1885">
     <span class='ocr_line' id='line_1_23' title="bbox 155 1815 822 1885; baseline 0.001 -17"><span class='ocrx_word' id='word_1_147' title='bbox 155 1816 191 1869; x_wconf 84' lang='lat' dir='ltr'>Et</span> <span class='ocrx_word' id='word_1_148' title='bbox 208 1817 295 1885; x_wconf 85' lang='lat' dir='ltr'>patrio</span> <span class='ocrx_word' id='word_1_149' title='bbox 315 1817 452 1885; x_wconf 80' lang='lat' dir='ltr'>Harpyias</span> <span class='ocrx_word' id='word_1_150' title='bbox 469 1815 584 1868; x_wconf 86' lang='lat' dir='ltr'>insontis</span> <span class='ocrx_word' id='word_1_151' title='bbox 601 1815 703 1884; x_wconf 91' lang='lat' dir='ltr'>pellere</span> <span class='ocrx_word' id='word_1_152' title='bbox 721 1817 822 1882; x_wconf 86' lang='lat' dir='ltr'>regnoi</span> 
     </span>
    </p>

    <p class='ocr_par' dir='ltr' id='par_1_13' title="bbox 154 1891 1004 2186">
     <span class='ocr_line' id='line_1_24' title="bbox 156 1891 1004 1962; baseline 0.001 -16"><span class='ocrx_word' id='word_1_153' title='bbox 156 1893 279 1962; x_wconf 88' lang='lat' dir='ltr'>Accipite</span> <span class='ocrx_word' id='word_1_154' title='bbox 296 1909 362 1960; x_wconf 85' lang='lat' dir='ltr'>ergo</span> <span class='ocrx_word' id='word_1_155' title='bbox 381 1891 477 1944; x_wconf 89' lang='lat' dir='ltr'>animis</span> <span class='ocrx_word' id='word_1_156' title='bbox 495 1896 577 1958; x_wconf 86' lang='lat' dir='ltr'>atque</span> <span class='ocrx_word' id='word_1_157' title='bbox 595 1891 661 1944; x_wconf 90' lang='lat' dir='ltr'>haec</span> <span class='ocrx_word' id='word_1_158' title='bbox 680 1907 740 1944; x_wconf 87' lang='lat' dir='ltr'>mea</span> <span class='ocrx_word' id='word_1_159' title='bbox 758 1892 834 1959; x_wconf 82' lang='lat' dir='ltr'>figite</span> <span class='ocrx_word' id='word_1_160' title='bbox 852 1892 934 1947; x_wconf 85' lang='lat' dir='ltr'>dicta.</span> <span class='ocrx_word' id='word_1_161' title='bbox 968 1908 1004 1947; x_wconf 76' lang='lat' dir='ltr'>aaa</span> 
     </span>
     <span class='ocr_line' id='line_1_25' title="bbox 154 1966 1004 2036; baseline 0 -14"><span class='ocrx_word' id='word_1_162' title='bbox 154 1969 230 2033; x_wconf 81' lang='lat' dir='ltr'>Quae</span> <span class='ocrx_word' id='word_1_163' title='bbox 249 1969 360 2022; x_wconf 91' lang='lat' dir='ltr'>Phoebo</span> <span class='ocrx_word' id='word_1_164' title='bbox 378 1972 458 2035; x_wconf 87' lang='lat' dir='ltr'>pater</span> <span class='ocrx_word' id='word_1_165' title='bbox 476 1968 655 2034; x_wconf 86' lang='lat' dir='ltr'>omnipotens,</span> <span class='ocrx_word' id='word_1_166' title='bbox 673 1966 739 2018; x_wconf 89' lang='lat' dir='ltr'>mihi</span> <span class='ocrx_word' id='word_1_167' title='bbox 759 1967 884 2021; x_wconf 87' lang='lat' dir='ltr'>Phoebus</span> <span class='ocrx_word' id='word_1_168' title='bbox 903 1969 1004 2036; x_wconf 87' lang='lat' dir='ltr'>Apollo</span> 
     </span>
     <span class='ocr_line' id='line_1_26' title="bbox 155 2042 889 2112; baseline -0.003 -14"><span class='ocrx_word' id='word_1_169' title='bbox 155 2045 303 2109; x_wconf 81' lang='lat' dir='ltr'>Praedixit,</span> <span class='ocrx_word' id='word_1_170' title='bbox 322 2043 399 2112; x_wconf 80' lang='lat' dir='ltr'>vobis</span> <span class='ocrx_word' id='word_1_171' title='bbox 419 2042 560 2094; x_wconf 80' lang='lat' dir='ltr'>Furiarum</span> <span class='ocrx_word' id='word_1_172' title='bbox 580 2059 630 2109; x_wconf 80' lang='lat' dir='ltr'>ego</span> <span class='ocrx_word' id='word_1_173' title='bbox 649 2059 775 2095; x_wconf 85' lang='lat' dir='ltr'>maxuma</span> <span class='ocrx_word' id='word_1_174' title='bbox 792 2044 889 2110; x_wconf 52' lang='lat' dir='ltr'>pando,</span> 
     </span>
     <span class='ocr_line' id='line_1_27' title="bbox 156 2118 765 2186; baseline -0.007 -11"><span class='ocrx_word' id='word_1_175' title='bbox 156 2123 262 2175; x_wconf 88' lang='lat' dir='ltr'>ltaliam</span> <span class='ocrx_word' id='word_1_176' title='bbox 281 2136 362 2172; x_wconf 86' lang='lat' dir='ltr'>cursu</span> <span class='ocrx_word' id='word_1_177' title='bbox 380 2118 483 2186; x_wconf 88' lang='lat' dir='ltr'>petitis,</span> <span class='ocrx_word' id='word_1_178' title='bbox 502 2118 644 2185; x_wconf 86' lang='lat' dir='ltr'>ventisque</span> <span class='ocrx_word' id='word_1_179' title='bbox 663 2119 765 2171; x_wconf 83' lang='lat' dir='ltr'>vocatis</span> 
     </span>
    </p>

    <p class='ocr_par' dir='ltr' id='par_1_14' title="bbox 156 2193 789 2262">
     <span class='ocr_line' id='line_1_28' title="bbox 156 2193 789 2262; baseline -0.005 -11"><span class='ocrx_word' id='word_1_180' title='bbox 156 2198 235 2252; x_wconf 90' lang='lat' dir='ltr'>lbitis</span> <span class='ocrx_word' id='word_1_181' title='bbox 256 2195 371 2260; x_wconf 89' lang='lat' dir='ltr'>ltaliam,</span> <span class='ocrx_word' id='word_1_182' title='bbox 390 2197 540 2262; x_wconf 88' lang='lat' dir='ltr'>portusque</span> <span class='ocrx_word' id='word_1_183' title='bbox 558 2194 661 2248; x_wconf 87' lang='lat' dir='ltr'>intrare</span> <span class='ocrx_word' id='word_1_184' title='bbox 680 2193 789 2258; x_wconf 86' lang='lat' dir='ltr'>licebit;</span> 
     </span>
    </p>

    <p class='ocr_par' dir='ltr' id='par_1_15' title="bbox 153 2270 1004 2494">
     <span class='ocr_line' id='line_1_29' title="bbox 153 2270 1004 2339; baseline 0.001 -12"><span class='ocrx_word' id='word_1_185' title='bbox 153 2273 209 2327; x_wconf 82' lang='lat' dir='ltr'>Sed</span> <span class='ocrx_word' id='word_1_186' title='bbox 227 2287 280 2323; x_wconf 90' lang='lat' dir='ltr'>non</span> <span class='ocrx_word' id='word_1_187' title='bbox 298 2275 361 2324; x_wconf 87' lang='lat' dir='ltr'>anto</span> <span class='ocrx_word' id='word_1_188' title='bbox 381 2271 474 2323; x_wconf 85' lang='lat' dir='ltr'>datam</span> <span class='ocrx_word' id='word_1_189' title='bbox 492 2271 606 2337; x_wconf 85' lang='lat' dir='ltr'>cingetis</span> <span class='ocrx_word' id='word_1_190' title='bbox 624 2270 763 2324; x_wconf 88' lang='lat' dir='ltr'>moenibus</span> <span class='ocrx_word' id='word_1_191' title='bbox 782 2275 886 2339; x_wconf 86' lang='lat' dir='ltr'>urbem,</span> <span class='ocrx_word' id='word_1_192' title='bbox 968 2290 1004 2328; x_wconf 77' lang='lat' dir='ltr'>ase</span> 
     </span>
     <span class='ocr_line' id='line_1_30' title="bbox 154 2347 892 2416; baseline 0.003 -15"><span class='ocrx_word' id='word_1_193' title='bbox 154 2349 242 2412; x_wconf 86' lang='lat' dir='ltr'>Quam</span> <span class='ocrx_word' id='word_1_194' title='bbox 260 2364 307 2400; x_wconf 87' lang='lat' dir='ltr'>vos</span> <span class='ocrx_word' id='word_1_195' title='bbox 325 2347 384 2401; x_wconf 88' lang='lat' dir='ltr'>dira</span> <span class='ocrx_word' id='word_1_196' title='bbox 401 2347 486 2400; x_wconf 79' lang='lat' dir='ltr'>fames</span> <span class='ocrx_word' id='word_1_197' title='bbox 504 2351 668 2416; x_wconf 89' lang='lat' dir='ltr'>nostraeque</span> <span class='ocrx_word' id='word_1_198' title='bbox 686 2347 784 2402; x_wconf 89' lang='lat' dir='ltr'>iniuria</span> <span class='ocrx_word' id='word_1_199' title='bbox 800 2349 892 2404; x_wconf 86' lang='lat' dir='ltr'>caedis</span> 
     </span>
     <span class='ocr_line' id='line_1_31' title="bbox 154 2424 806 2494; baseline 0.002 -15"><span class='ocrx_word' id='word_1_200' title='bbox 154 2424 288 2479; x_wconf 86' lang='lat' dir='ltr'>Ambesas</span> <span class='ocrx_word' id='word_1_201' title='bbox 307 2424 415 2494; x_wconf 84' lang='lat' dir='ltr'>subigat</span> <span class='ocrx_word' id='word_1_202' title='bbox 433 2424 511 2477; x_wconf 85' lang='lat' dir='ltr'>malis</span> <span class='ocrx_word' id='word_1_203' title='bbox 530 2425 673 2478; x_wconf 84' lang='lat' dir='ltr'>absumere</span> <span class='ocrx_word' id='word_1_204' title='bbox 691 2442 806 2480; x_wconf 80' lang='lat' dir='ltr'>mensae.</span> 
     </span>
    </p>

    <p class='ocr_par' dir='ltr' id='par_1_16' title="bbox 155 2501 795 2571">
     <span class='ocr_line' id='line_1_32' title="bbox 155 2501 795 2571; baseline 0.008 -18"><span class='ocrx_word' id='word_1_205' title='bbox 155 2501 237 2568; x_wconf 80' lang='lat' dir='ltr'>Dixit,</span> <span class='ocrx_word' id='word_1_206' title='bbox 256 2505 285 2555; x_wconf 90' lang='lat' dir='ltr'>et</span> <span class='ocrx_word' id='word_1_207' title='bbox 302 2503 329 2554; x_wconf 89' lang='lat' dir='ltr'>in</span> <span class='ocrx_word' id='word_1_208' title='bbox 349 2503 442 2555; x_wconf 85' lang='lat' dir='ltr'>silvam</span> <span class='ocrx_word' id='word_1_209' title='bbox 461 2503 557 2571; x_wconf 87' lang='lat' dir='ltr'>pennis</span> <span class='ocrx_word' id='word_1_210' title='bbox 575 2503 667 2556; x_wconf 83' lang='lat' dir='ltr'>ablata</span> <span class='ocrx_word' id='word_1_211' title='bbox 685 2502 795 2570; x_wconf 83' lang='lat' dir='ltr'>refugit.</span> 
     </span>
    </p>

    <p class='ocr_par' dir='ltr' id='par_1_17' title="bbox 154 2579 816 2648">
     <span class='ocr_line' id='line_1_33' title="bbox 154 2579 816 2648; baseline 0 -17"><span class='ocrx_word' id='word_1_212' title='bbox 154 2581 194 2632; x_wconf 92' lang='lat' dir='ltr'>At</span> <span class='ocrx_word' id='word_1_213' title='bbox 213 2579 291 2632; x_wconf 84' lang='lat' dir='ltr'>sociis</span> <span class='ocrx_word' id='word_1_214' title='bbox 309 2579 400 2633; x_wconf 85' lang='lat' dir='ltr'>subita</span> <span class='ocrx_word' id='word_1_215' title='bbox 417 2580 524 2648; x_wconf 82' lang='lat' dir='ltr'>gelidus</span> <span class='ocrx_word' id='word_1_216' title='bbox 542 2579 686 2633; x_wconf 88' lang='lat' dir='ltr'>formidine</span> <span class='ocrx_word' id='word_1_217' title='bbox 706 2580 816 2648; x_wconf 83' lang='lat' dir='ltr'>sanguis</span> 
     </span>
    </p>

    <p class='ocr_par' dir='ltr' id='par_1_18' title="bbox 153 2655 1003 2802">
     <span class='ocr_line' id='line_1_34' title="bbox 154 2655 1003 2725; baseline 0.002 -18"><span class='ocrx_word' id='word_1_218' title='bbox 154 2655 293 2724; x_wconf 83' lang='lat' dir='ltr'>Deriguit;</span> <span class='ocrx_word' id='word_1_219' title='bbox 311 2657 434 2710; x_wconf 87' lang='lat' dir='ltr'>cecidere</span> <span class='ocrx_word' id='word_1_220' title='bbox 454 2657 543 2723; x_wconf 92' lang='lat' dir='ltr'>animi,</span> <span class='ocrx_word' id='word_1_221' title='bbox 562 2673 612 2710; x_wconf 92' lang='lat' dir='ltr'>nec</span> <span class='ocrx_word' id='word_1_222' title='bbox 630 2657 683 2709; x_wconf 86' lang='lat' dir='ltr'>iam</span> <span class='ocrx_word' id='word_1_223' title='bbox 702 2657 817 2725; x_wconf 85' lang='lat' dir='ltr'>amplius</span> <span class='ocrx_word' id='word_1_224' title='bbox 836 2657 926 2722; x_wconf 88' lang='lat' dir='ltr'>armis,</span> <span class='ocrx_word' id='word_1_225' title='bbox 967 2675 1003 2715; x_wconf 71' lang='lat' dir='ltr'>zm</span> 
     </span>
     <span class='ocr_line' id='line_1_35' title="bbox 153 2731 891 2802; baseline 0.004 -17"><span class='ocrx_word' id='word_1_226' title='bbox 153 2731 208 2785; x_wconf 82' lang='lat' dir='ltr'>Sed</span> <span class='ocrx_word' id='word_1_227' title='bbox 226 2733 297 2786; x_wconf 85' lang='lat' dir='ltr'>votis</span> <span class='ocrx_word' id='word_1_228' title='bbox 314 2733 499 2802; x_wconf 83' lang='lat' dir='ltr'>precibusque</span> <span class='ocrx_word' id='word_1_229' title='bbox 510 2733 606 2788; x_wconf 86' lang='lat' dir='ltr'>iubent</span> <span class='ocrx_word' id='word_1_230' title='bbox 624 2750 770 2801; x_wconf 80' lang='lat' dir='ltr'>exposcere</span> <span class='ocrx_word' id='word_1_231' title='bbox 788 2751 891 2802; x_wconf 88' lang='lat' dir='ltr'>pacem,</span> 
     </span>
    </p>

    <p class='ocr_par' dir='ltr' id='par_1_19' title="bbox 153 2809 893 2877">
     <span class='ocr_line' id='line_1_36' title="bbox 153 2809 893 2877; baseline 0.003 -16"><span class='ocrx_word' id='word_1_232' title='bbox 153 2809 216 2862; x_wconf 85' lang='lat' dir='ltr'>Sive</span> <span class='ocrx_word' id='word_1_233' title='bbox 234 2809 309 2875; x_wconf 89' lang='lat' dir='ltr'>deae,</span> <span class='ocrx_word' id='word_1_234' title='bbox 328 2827 375 2863; x_wconf 89' lang='lat' dir='ltr'>seu</span> <span class='ocrx_word' id='word_1_235' title='bbox 393 2811 448 2863; x_wconf 88' lang='lat' dir='ltr'>sint</span> <span class='ocrx_word' id='word_1_236' title='bbox 466 2809 542 2864; x_wconf 85' lang='lat' dir='ltr'>dirae</span> <span class='ocrx_word' id='word_1_237' title='bbox 560 2811 748 2877; x_wconf 87' lang='lat' dir='ltr'>obscenaeque</span> <span class='ocrx_word' id='word_1_238' title='bbox 766 2810 893 2864; x_wconf 85' lang='lat' dir='ltr'>volucres.</span> 
     </span>
    </p>

    <p class='ocr_par' dir='ltr' id='par_1_20' title="bbox 153 2885 809 2956">
     <span class='ocr_line' id='line_1_37' title="bbox 153 2885 809 2956; baseline -0.003 -16"><span class='ocrx_word' id='word_1_239' title='bbox 153 2887 189 2940; x_wconf 82' lang='lat' dir='ltr'>Et</span> <span class='ocrx_word' id='word_1_240' title='bbox 207 2891 287 2956; x_wconf 88' lang='lat' dir='ltr'>poter</span> <span class='ocrx_word' id='word_1_241' title='bbox 306 2887 439 2939; x_wconf 87' lang='lat' dir='ltr'>Anchises</span> <span class='ocrx_word' id='word_1_242' title='bbox 457 2887 543 2954; x_wconf 87' lang='lat' dir='ltr'>passis</span> <span class='ocrx_word' id='word_1_243' title='bbox 562 2887 597 2940; x_wconf 91' lang='lat' dir='ltr'>de</span> <span class='ocrx_word' id='word_1_244' title='bbox 614 2887 695 2940; x_wconf 89' lang='lat' dir='ltr'>litore</span> <span class='ocrx_word' id='word_1_245' title='bbox 713 2885 809 2954; x_wconf 90' lang='lat' dir='ltr'>palmis</span> 
     </span>
    </p>

    <p class='ocr_par' dir='ltr' id='par_1_21' title="bbox 153 2961 932 3032">
     <span class='ocr_line' id='line_1_38' title="bbox 153 2961 932 3032; baseline 0 -16"><span class='ocrx_word' id='word_1_246' title='bbox 153 2964 271 3016; x_wconf 89' lang='lat' dir='ltr'>Numina</span> <span class='ocrx_word' id='word_1_247' title='bbox 289 2980 387 3031; x_wconf 80' lang='lat' dir='ltr'>magna</span> <span class='ocrx_word' id='word_1_248' title='bbox 405 2966 490 3031; x_wconf 87' lang='lat' dir='ltr'>vocat,</span> <span class='ocrx_word' id='word_1_249' title='bbox 508 2965 675 3032; x_wconf 85' lang='lat' dir='ltr'>meritosque</span> <span class='ocrx_word' id='word_1_250' title='bbox 692 2961 788 3016; x_wconf 89' lang='lat' dir='ltr'>indicit</span> <span class='ocrx_word' id='word_1_251' title='bbox 805 2962 932 3016; x_wconf 87' lang='lat' dir='ltr'>honores:</span> 
     </span>
    </p>

    <p class='ocr_par' dir='ltr' id='par_1_22' title="bbox 153 3040 1002 3110">
     <span class='ocr_line' id='line_1_39' title="bbox 153 3040 1002 3110; baseline -0.005 -16"><span class='ocrx_word' id='word_1_252' title='bbox 153 3041 195 3108; x_wconf 87' lang='lat' dir='ltr'>Di,</span> <span class='ocrx_word' id='word_1_253' title='bbox 214 3040 357 3110; x_wconf 90' lang='lat' dir='ltr'>prohibete</span> <span class='ocrx_word' id='word_1_254' title='bbox 375 3041 476 3104; x_wconf 64' lang='lat' dir='ltr'>minam</span> <span class='ocrx_word' id='word_1_255' title='bbox 495 3041 530 3104; x_wconf 89' lang='lat' dir='ltr'>di,</span> <span class='ocrx_word' id='word_1_256' title='bbox 549 3041 632 3092; x_wconf 85' lang='lat' dir='ltr'>talem</span> <span class='ocrx_word' id='word_1_257' title='bbox 651 3040 768 3093; x_wconf 83' lang='lat' dir='ltr'>avertite</span> <span class='ocrx_word' id='word_1_258' title='bbox 786 3055 887 3105; x_wconf 89' lang='lat' dir='ltr'>casum,</span> <span class='ocrx_word' id='word_1_259' title='bbox 967 3053 1002 3098; x_wconf 75' lang='lat' dir='ltr'>aas</span> 
     </span>
    </p>
   </div>
   <div class='ocr_carea' id='block_1_3' title="bbox 82 3115 850 3264">
    <p class='ocr_par' dir='ltr' id='par_1_23' title="bbox 82 3115 850 3264">
     <span class='ocr_line' id='line_1_40' title="bbox 82 3115 833 3186; baseline -0.005 -14"><span class='ocrx_word' id='word_1_260' title='bbox 82 3133 86 3140; x_wconf 92' lang='grc'><strong><em>·</em></strong></span> <span class='ocrx_word' id='word_1_261' title='bbox 152 3118 189 3172; x_wconf 82' lang='lat' dir='ltr'>Et</span> <span class='ocrx_word' id='word_1_262' title='bbox 206 3117 305 3186; x_wconf 87' lang='lat' dir='ltr'>placidi</span> <span class='ocrx_word' id='word_1_263' title='bbox 323 3123 430 3172; x_wconf 83' lang='lat' dir='ltr'>servate</span> <span class='ocrx_word' id='word_1_264' title='bbox 447 3115 519 3186; x_wconf 89' lang='lat' dir='ltr'>pios!</span> <span class='ocrx_word' id='word_1_265' title='bbox 556 3117 624 3168; x_wconf 82' lang='lat' dir='ltr'>&#39;lum</span> <span class='ocrx_word' id='word_1_266' title='bbox 642 3116 723 3169; x_wconf 86' lang='lat' dir='ltr'>litore</span> <span class='ocrx_word' id='word_1_267' title='bbox 740 3116 833 3168; x_wconf 82' lang='lat' dir='ltr'>sunem</span> 
     </span>
     <span class='ocr_line' id='line_1_41' title="bbox 154 3191 850 3264; baseline -0.004 -16"><span class='ocrx_word' id='word_1_268' title='bbox 154 3195 291 3264; x_wconf 82' lang='lat' dir='ltr'>llen&#39;pere,</span> <span class='ocrx_word' id='word_1_269' title='bbox 310 3210 492 3264; x_wconf 81' lang='lat' dir='ltr'>excussosque</span> <span class='ocrx_word' id='word_1_270' title='bbox 510 3191 588 3246; x_wconf 90' lang='lat' dir='ltr'>iubet</span> <span class='ocrx_word' id='word_1_271' title='bbox 606 3193 699 3248; x_wconf 85' lang='lat' dir='ltr'>laxare</span> <span class='ocrx_word' id='word_1_272' title='bbox 717 3191 850 3255; x_wconf 84' lang='lat' dir='ltr'>rudentis.</span> 
     </span>
    </p>
   </div>
   <div class='ocr_carea' id='block_1_4' title="bbox 0 0 1142 3554">
    <p class='ocr_par' dir='ltr' id='par_1_24' title="bbox 0 0 1142 3554">
     <span class='ocr_line' id='line_1_42' title="bbox 0 0 1142 3554; baseline 0 1"><span class='ocrx_word' id='word_1_273' title='bbox 0 0 1142 3554; x_wconf 95' lang='lat' dir='ltr'> </span> 
     </span>
    </p>
   </div>
  </div>
 </body>
</html>
