2232 3556
98 199 104 211 Ι
399 141 582 190 assereus
600 142 668 190 me.
688 141 738 190 xi.
947 144 994 192 aus

145 225 256 291 Labore,
277 225 409 292 Nympha,
428 223 497 292 polo,
516 223 632 291 finisque
650 222 735 276 invise
754 223 872 291 Latinos,

144 301 240 354 Tristis
258 300 305 353 ubi
324 301 442 354 infausto
460 299 642 352 committitur
659 299 749 353 omina
766 316 865 368 pugna.

146 379 221 430 llaec
234 395 307 446 eope,
321 382 350 429 ot
361 377 487 430 ultricem
500 377 630 444 pharetra
643 375 773 444 deprome
786 377 930 443 sagittam:
958 392 995 430 seo

148 455 211 520 flac,
231 456 395 521 quicumque
414 469 519 505 sacrum
538 453 646 506 violarit
663 453 773 506 volnere
791 468 897 520 corpus,

144 530 210 581 'lros
231 530 358 596 ltalnsve,
378 530 444 582 mihi
462 530 566 596 pariter
584 529 632 582 det
651 529 780 597 sanguine
799 545 906 597 poenas

147 606 211 658 Post
229 622 279 673 ego
297 605 369 658 nube
387 621 453 658 eave
470 606 640 658 miserandae
658 623 756 674 corpus
775 610 803 659 et
822 621 899 658 arma

147 681 294 749 lnspoliata
312 681 397 734 feram
416 682 527 746 tumulo,
547 682 708 750 patriaeque
726 697 862 750 reponam.

145 758 236 822 Dixit;
255 761 285 810 at
302 757 348 810 illa
366 757 433 810 levis
451 757 518 810 caeli
537 757 648 825 delapsa
666 775 715 826 per
733 774 813 811 auras
960 770 997 809 sss

145 834 277 900 lnsonuit,
296 833 373 900 nigro
392 833 560 886 circumdata
578 834 688 888 turbine
706 850 811 902 corpus.

182 913 224 964 At
242 927 338 962 manus
356 911 462 962 interea
480 910 565 962 muris
584 910 698 962 Troiana
716 910 880 978 propinquat

144 986 307 1055 Etnrscique
325 986 408 1039 duces
427 987 606 1054 equitumque
625 987 761 1040 exercitus
779 987 873 1053 omnis,

144 1063 283 1131 Conpositi
302 1080 415 1116 numero
433 1063 461 1114 in
479 1066 590 1115 turmas.
628 1063 733 1116 Fremit
751 1079 869 1130 aequore
888 1065 947 1116 toto

146 1139 283 1192 Insultans
302 1139 416 1207 sonipes,
436 1141 464 1192 et
482 1139 582 1206 pressis
600 1143 703 1206 pugnat
721 1138 835 1192 habenis
959 1153 996 1191 ooo

146 1215 208 1267 lluc
226 1215 355 1268 obversus
374 1219 402 1268 et
420 1215 489 1279 huc;
506 1221 565 1268 tum
584 1215 639 1268 late
657 1216 762 1268 ferreus
780 1215 866 1268 hastis

146 1291 250 1343 Horret
268 1307 339 1358 ager,
359 1291 502 1360 surripique
521 1292 603 1344 armis
623 1291 783 1344 sublimibus
802 1291 906 1344 ardent.

145 1366 274 1419 Necnon
293 1367 436 1436 Messapus
455 1371 550 1420 contra
568 1367 723 1435 celeresque
743 1368 833 1421 Latini

145 1442 181 1495 Et
199 1459 260 1496 eum
279 1443 364 1496 fratre
383 1445 467 1496 Coras
485 1448 514 1496 et
532 1444 645 1511 virginis
663 1443 706 1496 ala
725 1443 854 1497 Camillae

145 1518 263 1572 Adversi
281 1535 376 1587 carnpo
395 1520 535 1587 adparent,
553 1520 700 1588 hastasque
719 1519 839 1574 reductis
960 1533 995 1571 eos

145 1595 318 1648 Protendunt
336 1595 416 1663 longe
436 1596 549 1660 destris,
568 1601 596 1650 et
615 1597 717 1665 spicula
735 1596 857 1661 vibrant;

146 1672 344 1740 Adventnsque
363 1673 451 1725 virum
469 1673 649 1740 fremitusque
668 1673 787 1726 ardescit
805 1688 944 1740 equorum

146 1748 259 1815 Iamque
279 1749 352 1801 intra
370 1749 470 1801 iactum
489 1749 537 1802 teli
556 1765 716 1817 progressus
734 1752 850 1816 uterque

146 1824 330 1878 Constiterat:
349 1825 440 1876 subito
453 1829 600 1891 erumpunt
619 1825 743 1888 clariore,
761 1825 932 1892 furentisque

147 1898 333 1951 Exhortantur
352 1915 451 1964 equos;
470 1899 589 1951 fundunt
607 1899 687 1950 simul
706 1899 826 1966 undique
845 1901 907 1968 tela,
961 1917 997 1954 elo

147 1973 250 2025 Crebra
267 1974 337 2026 nivis
355 1974 418 2038 ritu,
437 1973 595 2040 caelumque
614 1973 755 2026 obtexitur
772 1975 875 2029 umbra

100 2068 102 2072 ⁴
147 2048 280 2101 Continuo
298 2049 420 2101 adversis
439 2049 593 2115 Tyrrhenus
612 2053 640 2102 et
658 2066 720 2102 acer
739 2052 878 2104 Aconteus

148 2125 262 2178 Connixi
280 2125 424 2178 incurrunt
441 2123 534 2188 hastis
552 2125 688 2193 primique
706 2126 811 2178 ruinam

148 2201 220 2258 Dant
239 2201 329 2254 sonitu
347 2200 458 2268 ingenti,
478 2201 669 2270 perfractaque
687 2201 944 2270 quadrupedantum

149 2279 262 2330 Pectora
279 2277 435 2343 pectoribus
454 2281 598 2345 rumpunt3
617 2295 745 2330 excussus
765 2281 903 2332 Aconteus
962 2295 997 2334 ers

146 2346 279 2406 Fulminis
296 2353 323 2405 in
343 2369 445 2406 rnorem
465 2357 512 2406 arrt
531 2357 667 2406 tormento
686 2353 813 2422 ponderis
831 2355 892 2420 aeti,

149 2430 312 2498 Praecipitat
331 2429 417 2497 longe,
436 2434 465 2484 et
483 2431 567 2483 vitam
586 2429 719 2498 dispergit
737 2431 764 2482 in
784 2447 870 2484 auras

147 2506 291 2574 Extemplo
309 2506 436 2560 turbatae
453 2507 532 2571 acies,
551 2507 676 2574 versique
695 2507 785 2560 Latini

148 2581 284 2634 Reiiciunt
302 2599 410 2649 parmas
429 2589 457 2636 et
475 2598 560 2650 equos
581 2583 616 2634 ad
637 2585 742 2636 moenia
762 2585 881 2636 vertunt.

150 2659 229 2710 l'roes
249 2662 348 2724 agunt;
366 2659 492 2725 princeps
511 2664 615 2712 turmas
637 2659 741 2712 inducit
763 2659 861 2712 Asilas.
962 2673 997 2712 aaa

151 2736 261 2802 lamque
281 2734 498 2802 propinquabant
519 2735 612 2802 portis,
632 2753 781 2804 rursusque
803 2735 893 2790 Latini

147 2809 298 2862 Clamorem
317 2811 424 2876 tollunt,
446 2815 474 2864 et
493 2811 584 2864 mollia
603 2812 671 2864 colla
690 2812 851 2866 reflectunt:
984 2875 986 2880 ,

149 2886 185 2937 lli
205 2885 320 2953 fugiunt,
343 2887 508 2955 penitusque
529 2887 600 2940 datis
620 2888 777 2941 referuntur
796 2887 915 2940 habenis.

147 2962 240 3025 Qualis
258 2960 305 3014 ubi
325 2963 429 3015 alterno
448 2980 609 3032 procurrens
630 2965 739 3032 gurgite
758 2968 858 3031 pontus

148 3039 171 3089 N
175 3054 226 3090 unc
238 3038 295 3091 ruit
307 3038 342 3090 ad
355 3043 464 3103 terram,
478 3039 655 3108 scopulosque
667 3040 813 3108 superiacit
826 3040 900 3093 unda
962 3053 995 3091 aaa

148 3115 288 3184 Spumeus,
308 3118 512 3183 extremamque
533 3117 594 3169 sinu
611 3117 753 3185 perfundit
772 3133 898 3181 arenam3

148 3193 228 3246 h'unc
246 3192 359 3262 rapidus
380 3195 455 3248 retro
474 3197 558 3264 atque
578 3197 656 3248 aestu
675 3193 799 3250 revoluta
819 3192 963 3248 resorbens
