2232 3556
413 135 599 190 AEN'EIDOS
621 143 691 192 LIB.
713 142 749 191 X.
960 145 1008 194 285

158 224 297 294 Defendit,
315 227 472 294 multosque
489 225 568 293 palus
587 225 742 291 Laurentia,
760 225 828 280 silva
918 273 921 280 l

158 301 257 354 Pastus
269 302 427 369 arundinea,
438 307 583 369 postquam
595 301 668 354 inter
680 301 752 354 retia
763 305 875 355 ventum
887 307 937 369 est,
973 316 1009 358 rra

157 376 295 443 Substitit,
313 377 508 444 infremuitque
526 377 603 428 ferox
622 381 651 428 et
669 375 805 429 inhorruit
823 393 930 443 armos;

156 452 182 504 N
184 470 215 506 ec
233 453 359 520 cuiquam
377 454 457 506 irasci
474 452 620 520 propiusve
639 452 769 505 accedere
788 453 882 520 virtus,

156 528 211 581 Sed
229 529 324 582 iaculis
341 530 464 598 tutisque
482 529 576 597 procul
595 527 758 582 clamoribus
776 529 895 584 instant:

71 648 74 653 .
158 605 241 658 Haud
259 606 347 674 aliter,
367 607 455 660 iustae
474 605 573 674 quibus
591 609 634 658 est
653 605 808 659 Mezentius
826 606 890 672 irae,

158 680 181 732 N
183 698 216 734 on
235 683 283 735 ulli
301 687 344 736 est
363 685 469 736 animus
488 682 583 735 stricto
601 698 762 735 concurrere
780 682 867 747 ferro;
974 699 1009 740 rm

155 757 305 812 Missilibus
323 759 404 828 longe
423 763 452 814 et
469 761 546 811 vasto
564 758 682 810 clamore
700 757 852 812 lacessunt:

155 834 207 886 Ille
224 839 317 888 autem
335 837 478 905 inpavidus
496 834 583 904 partis
601 838 745 888 cunctatur
763 835 791 888 in
809 837 903 904 omnis,

154 909 292 964 Dentibus
310 912 476 979 infrendens,
496 913 524 964 et
542 914 621 978 tergo
643 910 750 964 decutit
768 910 868 966 hastas.

154 986 278 1041 Venerat
295 989 416 1057 antiquis
435 987 547 1056 Corythi
566 986 601 1040 de
620 986 719 1040 linibus
739 989 841 1055 Acron,

153 1063 251 1116 Graius
264 1064 351 1131 homo,
364 1065 479 1118 iniectos
492 1064 618 1131 linquens
631 1063 762 1131 profugus
774 1062 936 1132 hymenaeos
943 1085 950 1130 ;
971 1079 1008 1120 aaa

154 1140 235 1192 Hunc
252 1139 299 1193 ubi
318 1142 478 1196 miscentem
496 1139 578 1207 longe
595 1139 687 1192 media
706 1139 815 1206 agmina
833 1139 911 1208 vidit,

154 1215 324 1283 Purpureum
342 1218 439 1285 pennis
457 1220 486 1270 et
503 1219 601 1284 pactae
618 1215 740 1282 coniugis
759 1219 846 1268 ostro:

153 1290 282 1360 inpastus
300 1293 409 1348 stabula
426 1293 482 1346 alta
500 1293 543 1345 leo
561 1308 612 1344 ceu
630 1307 711 1358 saepe
729 1308 886 1360 peragrans,

152 1367 256 1421 Suadet
274 1369 346 1422 enim
364 1386 464 1423 vesana
482 1369 575 1434 lames,
594 1367 617 1420 si
635 1368 706 1420 forte
724 1367 850 1435 fugacem

152 1443 302 1512 Conspexit
321 1461 455 1514 capream,
474 1449 523 1498 aut
542 1448 701 1511 surgentem
720 1444 748 1496 in
769 1461 871 1498 cornua
887 1461 1006 1518 cervum,

151 1519 269 1584 Gaudet,
287 1521 364 1575 hians
383 1522 498 1588 inmane,
517 1537 662 1588 comasque
680 1521 792 1587 arrexit,
811 1525 840 1574 et
857 1521 953 1575 haeret

151 1597 310 1652 Visceribus
329 1616 411 1668 super
429 1598 603 1664 incumbens3
621 1597 689 1650 lavit
707 1596 824 1666 inproba
841 1599 933 1652 taeter

151 1673 207 1728 Ora
225 1692 321 1729 cruor:

151 1751 194 1804 Sic
213 1751 269 1804 ruit
287 1752 316 1804 in
334 1752 432 1805 densos
450 1752 540 1805 alacer
558 1750 711 1804 Mezentius
729 1749 824 1804 hostis.

151 1826 290 1880 Sternitur
308 1827 401 1880 infelix
422 1828 522 1892 Acron,
541 1830 571 1880 et
588 1826 706 1880 calcibus
724 1830 813 1879 atram
969 1842 1005 1884 737

151 1902 253 1954 Tundit
271 1902 384 1954 humum
402 1903 551 1969 exspirans,
570 1901 741 1968 infractaque
758 1901 816 1954 tela
833 1907 966 1958 cruentat.

153 1979 247 2044 Atque
265 1977 339 2028 idem
357 1977 507 2043 lugientem
525 1976 599 2028 haud
617 1980 659 2028 est
677 1976 806 2042 dignatus
825 1977 935 2031 Oroden

152 2051 289 2118 Sternere,
308 2069 357 2104 nec
375 2053 447 2104 iacta
464 2068 574 2104 caecum
592 2053 658 2104 dare
676 2051 788 2118 cuspide
806 2053 919 2119 volnus;

152 2127 256 2180 Obvius
275 2127 445 2195 adversoque
464 2127 588 2192 occurrit,
607 2144 692 2195 seque
710 2127 768 2179 viro
786 2127 828 2179 vir

152 2204 283 2272 Contulit,
301 2203 375 2256 haud
393 2204 467 2256 furto
485 2203 587 2269 melior,
605 2204 655 2257 sed
672 2201 789 2256 fortibus
808 2204 899 2256 armis.
969 2220 1005 2260 aas

152 2281 220 2332 Turn
238 2297 321 2349 super
338 2279 475 2333 abiectum
494 2279 584 2348 posito
601 2280 673 2348 pede
692 2279 772 2332 nixus
790 2283 820 2333 et
837 2279 929 2334 hasta:

152 2357 219 2410 Pars
237 2357 302 2411 belli
320 2357 394 2410 haud
412 2356 567 2423 temnenda,
587 2357 645 2424 viri,
665 2357 736 2410 iacet
754 2356 826 2410 altus
846 2355 960 2411 Orodes.

151 2433 326 2488 Conclamant
344 2433 409 2507 socii
427 2434 528 2487 laetum
547 2450 651 2501 paeana
669 2433 763 2486 secuti.

152 2509 203 2564 llle
221 2515 312 2566 autem
332 2511 486 2580 exspirans:
505 2510 566 2562 Non
584 2527 636 2578 mc,
655 2510 819 2579 quicumque
838 2527 874 2575 es,
891 2510 986 2579 inulto,

150 2585 255 2654 Victor,
273 2605 324 2642 nec
341 2588 451 2655 longum
470 2587 624 2653 laetabere;
643 2593 672 2642 te
690 2604 799 2656 quoque
816 2587 875 2640 fata
967 2602 1004 2642 rso

151 2663 332 2734 Prospectant
349 2665 432 2732 paria,
452 2667 535 2732 atque
553 2664 649 2718 eadem
667 2681 731 2716 mox
749 2680 814 2716 arva
831 2662 945 2717 tenebis.

153 2740 199 2793 Ad
218 2757 300 2810 quern
319 2740 463 2794 subridens
481 2741 568 2794 mixta
586 2741 740 2793 Mezentius
757 2739 811 2792 ira:

151 2816 176 2868 N
178 2834 230 2870 urrc
239 2834 351 2871 morere.
372 2818 425 2870 Ast
435 2816 470 2869 dc
481 2834 524 2869 me
533 2817 624 2869 divom
632 2819 712 2884 pater
719 2815 1002 2883 atquehominumrex

154 2893 268 2947 Viderit.
300 2894 361 2947 Hoc
380 2893 473 2946 dicens
491 2893 587 2946 eduxit
605 2909 717 2960 corporo
736 2891 830 2944 telum.

150 2970 205 3024 Olli
224 2971 293 3024 dura
311 2971 388 3039 quies
405 2970 496 3023 oculos
514 2973 542 3022 et
560 2971 665 3023 ferreus
682 2972 783 3036 urguet
966 2984 1002 3025 rsa

150 3048 281 3112 Scnmus;
299 3048 326 3099 in
344 3050 483 3100 aeternam
502 3046 667 3100 clauduntur
685 3046 787 3098 lumina
804 3048 919 3100 noctem.

150 3124 284 3178 Caedicus
304 3123 468 3177 Alcathoum
486 3122 638 3190 obtruncat,
658 3122 785 3176 Sacrator
804 3122 962 3191 Hydaspen,

150 3201 384 3270 Partheniumque
403 3201 481 3270 Rapo
499 3203 529 3253 et
546 3200 712 3269 praedurum
731 3195 835 3252 viribus
853 3197 948 3265 Orsen,
