2234 3554
166 137 212 186 218
400 135 431 184 P.
450 133 604 184 vaRGILI
621 134 752 185 MARON
755 135 788 185 IS

164 216 237 284 Ergo
254 217 309 270 iter
325 215 361 269 ed
379 232 472 283 regem
489 216 595 284 polluta
612 233 679 285 pace
698 217 825 274 Latinum

165 292 266 345 Indicit
283 292 377 360 primis
394 292 529 357 iuvenum,
548 295 578 346 et
594 291 671 346 iubet
689 309 765 346 arma
781 291 880 360 parari,

164 367 259 421 'lutari
278 368 394 433 ltaliam,
413 368 563 422 detrudere
581 369 681 422 finibus
698 369 822 434 hostem余

164 443 199 498 Se
218 445 285 498 satis
302 443 435 498 ambobus
453 444 618 512 Teucrisque
636 445 729 498 venire
749 445 914 513 Latinisque.
979 459 1016 500 444

165 520 242 574 Haec
258 519 305 573 ubi
323 519 397 574 dicta
415 520 493 573 dedit
511 519 642 588 divosque
660 521 688 574 in
706 525 770 574 vota
787 521 900 574 vocarit.

164 595 298 650 Certatim
317 612 376 650 sese
396 596 494 649 1444411
509 595 689 650 exhortantur
706 597 734 650 in
752 613 834 651 arma

164 671 245 726 Hunc
263 672 346 725 decue
364 672 503 740 egregium
521 672 624 726 formae
642 677 734 726 movet
752 675 836 742 atque
853 672 986 737 iuventae,

165 748 246 802 Hune
264 748 336 801 atavi
354 764 440 816 reges,
459 747 530 801 hune
547 748 627 802 claris
644 749 761 802 dextera
777 748 862 802 iactis

198 825 270 878 llum
288 825 394 878 Turnus
413 823 529 878 Rutulos
546 825 642 878 animis
659 824 808 878 audacibus
826 823 919 892 inplet,
979 838 1014 878 ue

165 901 272 954 Allecto
289 902 317 954 in
336 901 452 954 Teucros
470 900 571 968 Stygiis
589 917 619 954 se
637 901 755 954 concitat
772 900 828 954 alis.

166 979 235 1030 Arte
252 994 322 1030 nova
339 977 477 1046 speculata
494 977 590 1040 locum,
609 994 663 1046 quo
681 978 761 1031 litore
778 977 890 1045 pulcher

164 1052 274 1106 Insidiis
292 1070 427 1122 cursuque
444 1053 516 1106 ferus
533 1053 657 1120 agitabat
676 1053 759 1120 Iulus,

164 1129 218 1182 Hie
236 1129 354 1183 subitam
371 1128 482 1182 canibus
500 1128 604 1182 rabiem
623 1129 735 1196 Cocytia
751 1130 828 1196 virge

164 1203 264 1258 Obiicit
282 1208 311 1258 et
328 1209 392 1258 noto
410 1205 483 1258 naris
500 1205 633 1272 contingit
651 1205 741 1273 odore,
976 1219 1015 1259 444

165 1280 203 1334 Ut
220 1297 330 1334 cervum
347 1281 476 1334 ardentes
494 1285 621 1348 agerent余
639 1297 710 1348 quae
727 1281 815 1350 prima
831 1281 955 1335 laborum

163 1357 264 1410 Caussa
281 1357 333 1410 fuit
350 1357 477 1424 belloque
496 1357 599 1410 animos
617 1357 742 1410 accendit
759 1359 881 1425 agrestis

163 1431 265 1484 Cervus
283 1435 343 1485 erat
360 1433 447 1484 forma
464 1432 614 1500 praestanti
632 1435 661 1485 et
678 1431 804 1486 cornibus
821 1433 925 1500 ingens,

162 1507 310 1576 Tyrrhidae
328 1508 406 1576 pueri
424 1524 505 1576 quem
525 1509 621 1562 matris
638 1507 673 1562 ab
691 1507 776 1562 ubere
793 1514 901 1577 raptum

164 1583 313 1638 Nutribant
331 1583 520 1652 Tyrrheusque
538 1587 625 1652 pater,
643 1584 686 1637 cui
704 1584 780 1652 regia
797 1587 895 1652 parent
975 1597 1013 1636 444

163 1661 305 1726 Armenta,
323 1664 352 1714 et
369 1660 425 1714 1444
443 1659 567 1714 custodia
584 1659 689 1714 credita
707 1661 804 1729 campi.

163 1735 318 1790 Adsuetum
335 1736 445 1805 inperiis
463 1752 539 1788 soror
556 1735 629 1788 omni
648 1735 731 1789 Silvia
748 1752 812 1789 cura

130 1806 141 1832 続
163 1811 292 1866 Mollibus
309 1813 435 1866 intexens
453 1811 567 1866 onrabat
585 1827 687 1864 cornua
704 1812 792 1879 sertis,

164 1887 349 1956 Pectebatque
366 1887 461 1952 ferum,
477 1904 601 1956 puroque
617 1887 646 1939 in
663 1887 739 1940 fonte
756 1886 871 1940 lavabat.

163 1965 214 2018 Ille
232 1981 342 2018 manum
359 1965 466 2032 patiens
483 1979 646 2031 mensaeque
663 1963 795 2016 adsuetus
811 1962 889 2017 herili
975 1977 1013 2018 444

163 2040 280 2095 Errabat
297 2041 371 2094 silvis
389 2056 538 2108 rursusque
555 2039 592 2092 ad
609 2039 702 2092 limina
719 2043 784 2092 nota

163 2116 226 2184 Ipse
244 2117 354 2170 domum
373 2133 434 2170 sera
452 2115 575 2184 quamvis
592 2131 622 2168 se
639 2119 719 2168 nocte
736 2114 849 2169 ferebat.

163 2191 244 2246 Hune
261 2192 354 2262 procul
373 2195 510 2245 errantem
527 2190 639 2244 rabidae
657 2191 781 2245 venantis
799 2191 853 2244 Iuli

162 2267 338 2322 Commovere
355 2283 443 2334 canes,
461 2266 543 2320 fluvio
561 2283 622 2319 cmn
640 2267 712 2320 forte
731 2266 849 2320 secundo

162 2343 309 2410 Deflucret,
327 2343 440 2411 ripaque
457 2345 548 2395 aestus
566 2341 702 2396 viridante
720 2343 830 2396 levaret.
977 2358 1014 2396 444

162 2420 226 2488 Ipse
244 2421 334 2481 etiem,
353 2419 466 2472 eximiae
483 2417 572 2470 laudis
589 2434 733 2471 succensus
751 2434 850 2482 amore,

164 2495 296 2548 Ascanius
312 2511 393 2548 curvo
412 2493 513 2546 direxit
532 2493 634 2561 spicula
652 2509 752 2559 comu余

163 2571 220 2624 Nec
238 2570 352 2624 dextrae
371 2569 473 2622 erranti
491 2569 559 2622 deus
577 2570 652 2634 afuit,
670 2572 785 2638 actaque
803 2569 890 2623 multo

164 2647 270 2716 Perque
287 2651 396 2700 uterum
414 2645 504 2699 sonitu
521 2662 625 2714 perque
642 2645 689 2698 ilia
706 2646 781 2700 venit
798 2645 910 2701 arundo.

161 2723 274 2776 Saucius
291 2726 320 2776 at
338 2721 494 2791 quadrupes
511 2725 577 2774 nota
594 2721 667 2775 intra
684 2725 759 2776 tecta
775 2721 884 2789 refugit,
976 2735 1015 2776 444

161 2798 350 2866 Successitque
367 2813 480 2865 gemens
498 2796 620 2864 stabulis,
638 2801 792 2866 questuque
810 2798 939 2850 cruentus

162 2877 256 2942 Atque
273 2873 419 2942 inploranti
437 2872 533 2926 similis
550 2875 654 2924 tectum
672 2889 751 2925 omne
769 2872 900 2940 replebat

160 2948 244 3003 Silvia
260 2950 348 3017 prima
366 2963 449 3014 soror,
468 2946 565 3014 palmis
583 2963 712 3014 percussa
728 2948 853 3014 lacertos,

161 3024 304 3076 Auxilium
321 3026 400 3078 vocat
417 3024 446 3075 et
464 3020 547 3074 duros
565 3021 715 3077 conclamat
734 3024 857 3089 agrestis

161 3098 222 3160 Otii,
239 3100 324 3166 pestis
342 3098 414 3152 enim
432 3097 524 3150 tacitis
541 3095 610 3150 latet
627 3113 723 3166 aspera
741 3099 822 3162 silvis,
978 3111 1018 3151 sos

161 3172 295 3240 Inprovisi
313 3173 421 3238 adsunt,
439 3171 483 3224 hic
500 3174 575 3224 torre
593 3175 714 3225 armatus
731 3173 838 3235 obusto,
