2232 3556
123 168 167 214 334
360 165 389 216 P.
408 163 560 212 VERGILI
577 163 742 212 MARONIS

124 247 178 302 Olli
196 245 336 314 sublimes,
355 244 438 298 armis
455 243 607 312 animisque
625 242 729 310 refecti,

124 324 178 377 Hic
195 321 287 391 gladio
305 321 401 386 fidens,
420 319 463 372 hic
481 336 544 373 acer
563 323 591 372 et
609 318 712 371 arduus
730 318 827 394 hastan

123 399 272 453 Adsistunt
290 400 385 451 contra
402 396 550 450 certamine
569 395 668 448 Martis
686 394 783 447 anheli.
941 409 978 452 aaa

158 476 292 529 lunonem
310 473 416 526 interea
436 472 496 525 Rex
515 471 709 540 omnipotentis
729 470 837 539 Olympi

123 551 301 620 Adloquitur,
319 549 393 602 fulva
410 565 516 616 pugnas
534 547 570 600 de
588 548 661 600 nube
679 551 820 611 tuentem3

123 627 198 691 Quae
215 627 270 680 iarn
288 625 350 679 finis
368 626 429 691 erit,
448 625 582 677 coniunxi
602 623 669 691 quid
687 623 806 690 denique
823 626 929 678 restatl

123 703 277 771 Indigetem
297 705 411 756 Aenean
430 702 482 754 scis
500 701 567 769 ipsa,
586 703 617 753 et
634 699 704 752 scire
722 699 825 766 fateris,

122 779 224 832 Deberi
243 779 324 846 caelo,
343 778 462 846 fatisque
481 777 516 830 ad
534 777 625 830 sidera
643 775 709 828 tolli.
940 791 976 830 rae

122 854 195 918 Quid
213 855 315 908 struisl
334 857 382 906 aut
401 871 455 922 qua
473 870 522 922 spe
539 852 638 922 gelidis
655 853 684 905 in
700 851 820 904 nubibus
836 851 948 906 haeresi

121 929 257 984 Mortalin’
277 930 370 984 decuit
389 931 485 984 violari
504 930 614 983 volnere
633 928 772 982 divuml*

121 1007 180 1062 Aut
199 1007 394 1074 ensem—quid
413 1007 485 1059 enirn
504 1006 608 1058 sinete
628 1005 745 1057 Iuturna
762 1004 917 1059 valereti-

121 1081 254 1150 Ereptum
272 1081 351 1135 reddi
371 1083 469 1146 Turno,
483 1085 511 1135 ct
529 1082 584 1134 vim
602 1097 723 1134 crescere
741 1080 837 1134 victis?

121 1157 222 1212 Desine
233 1159 287 1212 iam
299 1157 419 1226 tandem,
431 1158 616 1227 precibusque
627 1157 768 1210 inflectere
780 1158 895 1222 nostris3
937 1175 977 1214 seo

120 1233 146 1286 N
148 1251 178 1288 ec
195 1239 225 1289 te
242 1239 337 1290 tantus
355 1236 420 1290 edat
436 1235 550 1288 tacitam
570 1233 654 1300 dolor,
674 1237 702 1286 et
720 1231 786 1286 mihi
805 1249 886 1287 curae

120 1309 206 1379 Saepe
223 1314 271 1365 tuo
289 1311 360 1366 dulci
378 1313 473 1366 tristes
491 1328 526 1364 ex
544 1326 591 1362 ore
606 1315 753 1362 recursant.

120 1385 241 1440 Ventum
261 1388 297 1441 ad
314 1405 470 1457 supremum
488 1391 538 1441 est.
575 1386 667 1439 Terris
685 1385 791 1452 agitare
810 1387 853 1441 vel
871 1387 953 1441 undis

119 1462 249 1516 Troianos
268 1465 390 1533 potuisti,
410 1464 553 1518 infandum
572 1462 721 1516 accendere
740 1461 849 1530 bellum,

118 1537 278 1592 Deforrnare
291 1541 409 1607 domum,
423 1545 451 1594 et
462 1541 538 1594 luctu
551 1540 666 1592 miscere
678 1537 854 1606 hymenaeos:
935 1551 974 1592 sat

119 1613 243 1668 Ulterius
262 1617 400 1684 temptare
420 1621 489 1670 veto¹
535 1616 578 1669 Sic
600 1616 727 1684 Iuppiter
746 1631 838 1678 orsus;

118 1689 162 1743 Sic
182 1690 234 1744 dea
255 1691 389 1745 submisso
408 1696 503 1744 contra
523 1692 652 1744 Saturnia
671 1691 760 1744 voltu:

118 1765 177 1820 Ista
194 1767 306 1838 quidem
328 1768 393 1836 quia
409 1771 474 1822 nota
492 1767 560 1820 mihi
577 1771 633 1834 tua,
655 1783 760 1834 magne,
780 1767 913 1834 voluntas,

118 1841 251 1912 luppiter,
271 1847 300 1898 et
320 1845 441 1897 Turnum
461 1847 490 1898 et
510 1848 601 1898 terras
617 1844 704 1896 invita
720 1842 833 1910 reliqui;

117 1918 176 1984 Noe
193 1923 224 1974 tu
245 1937 289 1975 me
307 1921 381 1974 aeria
400 1921 484 1974 solam
504 1938 575 1973 nuno
597 1920 663 1974 sede
682 1919 789 1972 videres
933 1935 973 1973 sio

117 1993 207 2063 Digna
225 1997 337 2064 indigna
357 1997 423 2066 pati,
446 1996 495 2050 sed
515 1997 631 2048 flammis
650 1996 738 2048 cincta
759 1994 810 2048 sub
830 1987 889 2062 ipsa

117 2070 224 2124 Starem
247 2074 304 2125 acie
325 2073 518 2142 traheremque
536 2072 645 2124 inimica
663 2073 691 2123 in
709 2071 812 2139 proelia
832 2071 957 2126 Teucros

117 2146 261 2200 Iuturnam
280 2149 386 2216 misero,
407 2149 504 2216 fateor,
525 2165 683 2202 succurrere
702 2147 781 2200 fratri

116 2221 201 2289 Suasi,
223 2226 252 2277 et
272 2240 322 2292 pro
341 2225 398 2278 vita
415 2226 518 2278 maiora
535 2224 637 2278 audere
656 2222 768 2292 probavi
778 2243 785 2288 ;

116 2297 178 2350 Non
195 2301 227 2351 ut
245 2299 301 2353 tela
319 2303 418 2364 tamen,
437 2318 490 2353 non
508 2304 539 2354 ut
558 2299 737 2354 contenderet
754 2314 862 2363 arcuum
931 2313 971 2353 sis

118 2373 223 2426 Adiuro
242 2375 329 2442 Stygii
347 2379 430 2445 caput
447 2377 608 2445 inplacabile
625 2376 713 2442 fontis

115 2449 177 2503 Una
195 2451 355 2518 superstitio
374 2453 480 2520 superis
500 2469 569 2520 quae
588 2453 699 2505 reddita
717 2451 797 2505 divis.

118 2526 151 2578 lit
169 2542 240 2580 nune
259 2527 326 2580 cedo
345 2528 480 2596 equidem,
499 2545 658 2596 pugnasque
677 2544 760 2580 exosa
775 2526 909 2594 relinquo.

117 2601 190 2654 lllud
207 2606 244 2670 te,
262 2603 336 2657 nulla
353 2604 404 2658 fati
422 2605 497 2672 quod
514 2605 575 2672 lege
593 2607 710 2671 tenetur,

116 2677 169 2730 Pro
188 2679 267 2732 Latio
286 2681 416 2747 obtestor,
436 2697 486 2748 pro
503 2681 648 2733 maiestate
666 2683 789 2732 tuorum:
928 2693 969 2732 sao

115 2752 184 2806 Cum
201 2754 255 2808 iarn
275 2757 414 2809 connubiis
432 2772 526 2822 pacem
544 2755 676 2823 felicibus,
695 2759 762 2822 esto,

115 2827 282 2898 (imponent,
302 2848 363 2884 cum
382 2833 436 2884 ianr
455 2832 530 2899 leges
548 2835 577 2884 et
594 2831 706 2884 foedera
723 2831 845 2899 iungant,

115 2904 140 2955 N
143 2921 159 2956 e
177 2909 257 2959 vatus
275 2908 418 2975 indigenas
436 2925 534 2961 nomen
552 2912 659 2960 mutare
678 2908 798 2973 Latinos,

114 2978 175 3032 Neu
194 2981 278 3035 Troas
297 2984 357 3036 fieri
374 2985 469 3036 iubeas
487 2985 659 3052 Teucrosque
677 2985 774 3050 vocari,

114 3053 173 3105 Aut
191 3071 283 3109 vocem
301 3061 408 3112 mutare
426 3060 504 3123 viros,
522 3063 570 3112 aut
588 3064 697 3112 vertere
711 3063 822 3113 vestem.
926 3074 965 3113 sss

113 3122 156 3178 Sit
175 3128 291 3198 Latium,
310 3134 364 3186 sint
383 3135 484 3186 Albani
502 3151 553 3202 per
571 3136 679 3188 saecula
696 3151 782 3202 reges,

113 3197 155 3254 Sit
175 3201 297 3260 Romana
314 3213 412 3278 potens
432 3210 503 3264 Itala
521 3209 624 3262 virtute
639 3225 775 3280 propag03
