2234 3554
403 153 586 203 asnnrnos
604 155 673 203 mn.
693 125 743 202 111.
949 157 996 206 251

150 233 262 286 Lumina
280 251 343 287 1616
360 235 477 298 111166111;
495 252 589 288 somno
607 236 725 305 vinoque
743 235 824 292 soluti

147 309 336 374 Procubuere3
354 311 434 364 silent
452 312 508 364 late
526 311 592 364 loca.
631 313 745 382 l'ercipe
763 329 851 382 porro,
962 325 999 366 166

146 386 217 450 Quid
236 386 369 454 dubitem,
388 391 417 441 et
435 403 505 456 quae
522 405 594 441 nunc
612 389 702 441 animo
720 389 856 443 sententia
874 391 979 458 surgat.

145 462 259 516 Aenean
277 463 358 516 acciri
376 480 477 530 omues,
496 464 667 533 populusque
685 469 841 533 patresque,

145 537 309 606 Exposcunt,
329 540 457 607 mittique
478 540 557 606 viros,
576 541 622 608 qui
641 545 717 594 certa
734 544 885 609 reportent.

144 613 180 681 Si,
199 615 249 668 tibi
268 632 338 684 quae
355 632 445 685 posco,
464 616 735 684 promittunt,-nam
754 616 821 670 mihi
838 615 902 670 facti

144 689 229 746 llama
246 696 289 746 sat
308 692 499 760 est-tumulo
517 692 613 746 videor
631 694 753 761 reperire
772 693 823 746 sub
842 692 889 746 illo
961 708 996 746 ras

144 767 228 822 Posse
245 769 317 822 viam
335 769 371 822 ad
389 787 482 823 muros
500 772 529 823 et
547 770 654 840 moenia
673 770 821 824 Pallantea

143 844 286 914 Obstipuit
303 863 401 914 magno
420 846 531 899 laudum
549 863 695 915 percussus
712 863 804 900 amore

143 920 290 990 Euryalum
309 923 388 976 simul
407 923 449 976 his
468 922 612 976 ardentem
630 923 741 976 adfatur
759 924 889 977 anticum:

142 997 224 1052 Mene
242 999 326 1066 igitur
344 999 446 1053 socium
466 1000 578 1052 summis
596 999 746 1067 adiungere
763 999 852 1064 rebus,

142 1073 216 1142 Nise,
233 1074 321 1142 fugisl
340 1076 427 1128 solum
446 1079 474 1129 tc
492 1075 521 1127 in
539 1079 618 1128 tanta
635 1075 756 1143 pericula
774 1074 898 1128 mittam?
958 1088 995 1127 ano

142 1149 165 1201 N
170 1167 204 1203 on
221 1151 261 1204 ita
277 1169 321 1206 rne
338 1153 454 1220 genitor,
473 1151 552 1206 bellis
571 1152 703 1204 adsuetus
722 1150 860 1219 Opheltes,

143 1227 301 1294 Argolicum
319 1232 453 1282 terrorem
472 1229 545 1281 inter
564 1228 715 1296 Troiaeque
733 1227 840 1280 labores

142 1301 285 1356 Sublatum
304 1305 421 1370 erudiit;
439 1321 490 1358 nec
508 1307 600 1358 tecum
618 1304 685 1357 talia
701 1304 782 1372 gessi,

141 1377 346 1446 Magnanimum
367 1383 479 1435 Aenean
499 1386 528 1434 et
545 1381 603 1434 fata
621 1384 746 1434 extrema
764 1383 888 1434 secutus:

126 1454 192 1517 ,nst
209 1453 260 1522 hic,
279 1460 321 1510 est
339 1458 445 1510 animus
463 1458 531 1512 lucis
549 1460 728 1526 contemptor,
748 1460 777 1510 et
794 1457 879 1510 istum
957 1471 994 1510 aas

141 1531 193 1594 Qui
212 1531 268 1585 vita
285 1531 355 1586 bene
373 1535 470 1588 credat
488 1535 549 1600 emi,
569 1551 624 1602 quo
642 1533 741 1601 tendis,
760 1533 899 1588 honorem.

140 1606 223 1662 Nisus
240 1609 276 1662 ad
294 1609 376 1664 baec:
394 1610 530 1680 Equidem
549 1611 584 1664 de
601 1614 631 1664 to
648 1610 687 1662 nil
705 1611 760 1664 tale
779 1609 900 1675 verebar,

140 1682 164 1734 N
167 1701 197 1738 ec
215 1685 270 1751 fas;
289 1704 354 1740 non:
372 1687 412 1741 ita
429 1705 474 1742 me
491 1688 594 1741 referat
612 1686 664 1740 tibi
683 1704 798 1754 magnus
817 1689 944 1740 ovantem

140 1760 273 1830 luppiter,
291 1767 340 1817 aut
358 1763 522 1831 quicumque
540 1763 624 1817 oeulis
641 1763 709 1816 baec
727 1763 824 1830 aspicit
842 1763 945 1831 aequis.

138 1836 194 1889 Sed
212 1838 235 1890 si
253 1839 418 1906 quis-quae
435 1840 523 1892 multa
540 1839 618 1892 vides
636 1839 793 1891 discrimine
812 1839 894 1891 tali—
954 1855 991 1894 210

139 1911 167 1964 si
185 1913 247 1979 quis
266 1914 293 1965 in
312 1913 457 1966 adversum
475 1915 566 1982 rapiat
584 1930 696 1967 casusve
715 1913 822 1976 deusve,

139 1985 176 2039 'le
195 2005 337 2055 superesse
356 1989 453 2052 velim;
470 1993 520 2042 tua
537 1989 595 2042 vita
613 1989 722 2056 dignior
740 1993 822 2041 aetas.

138 2061 187 2130 Sit,
206 2063 252 2130 qui
271 2081 316 2117 me
333 2067 444 2132 raptum
462 2081 553 2132 pugna
570 2065 694 2132 pretiove
711 2063 886 2132 redemptum

138 2139 253 2192 Mandet
271 2139 360 2206 humo,
380 2139 460 2193 solita
476 2143 525 2193 aut
543 2141 566 2192 si
585 2157 640 2208 qua
657 2139 687 2192 id
704 2140 815 2193 fortuna
833 2141 947 2206 vetabit,

140 2214 256 2269 Absenti
274 2216 346 2270 forat
363 2215 483 2282 inferias,
502 2216 668 2284 decoretque
687 2215 837 2285 sepulchro.
954 2232 990 2272 116

138 2292 199 2345 Neu
217 2294 299 2346 matri
317 2293 434 2347 miserae
452 2295 524 2347 tanti
546 2294 596 2346 sim
615 2310 710 2346 emissa
729 2292 838 2361 doloris,

137 2368 212 2430 (luae
230 2372 259 2423 te
278 2369 342 2437 sola,
361 2387 437 2439 puer,
455 2370 549 2424 multis
568 2387 583 2424 e
601 2370 735 2423 matribus
753 2387 820 2424 ausa

139 2444 321 2515 Persequitur,
340 2447 431 2516 magni
449 2464 499 2501 nec
518 2449 625 2501 moenia
642 2451 721 2500 curat
740 2450 866 2500 Acestae.

136 2521 188 2574 1116
204 2526 311 2577 autern:
331 2524 447 2578 caussas
465 2524 633 2593 nequiquam
651 2523 738 2576 nectis
756 2523 850 2591 inanis,

136 2596 193 2651 Nec
210 2615 271 2652 mea
289 2599 343 2652 iam
361 2604 469 2654 mutata
486 2601 545 2654 loco
564 2600 701 2654 sententia
719 2599 801 2652 cedit.
952 2618 988 2656 sao

135 2674 339 2745 Adceleremus,
358 2677 404 2730 ait.
440 2677 546 2744 Vigiles
564 2677 644 2730 simul
664 2676 775 2730 excitat.
812 2676 858 2730 llli

133 2749 290 2806 Succedunt
306 2757 470 2822 servantque
489 2754 575 2818 vices;
594 2753 712 2806 statione
729 2751 825 2806 relicta

10 2842 17 2913 q
134 2827 198 2896 lpse
216 2845 306 2883 comes
324 2829 392 2882 Niso
410 2829 543 2898 graditur,
562 2846 711 2898 regemque
729 2829 882 2897 requirunt.

7 2920 25 2963 1
94 2893 139 2978 Χ
168 2904 267 2959 Cetera
284 2923 334 2974 per
351 2909 441 2960 terras
459 2908 545 2960 omnis
563 2907 689 2960 6611116116
708 2921 802 2959 somno

132 2978 275 3035 Laxabant
294 2999 373 3036 curas
392 2987 420 3036 et
438 2983 522 3036 corda
540 2983 625 3036 oblita
644 2983 781 3036 laborum:
950 2996 986 3037 aas

132 3056 267 3112 Ductores
285 3059 418 3113 Teucrum
436 3061 524 3128 primi,
544 3061 651 3114 delecta
669 3061 804 3126 iuventus,

131 3133 279 3189 Consilium
298 3137 411 3190 summis
429 3138 507 3204 regni
526 3139 561 3192 do
579 3139 661 3192 rebus
679 3137 826 3202 habebant,

130 3210 348 3329 Quidssgaccrent,
366 3215 461 3283 quisve
481 3218 592 3270 Aeneae
610 3215 664 3270 iam
682 3217 795 3271 nuntius
812 3217 892 3270 esset.
932 3247 997 3386 ‘N
