2274 3554
435 161 640 210 GEORGICON
663 161 728 210 LIB.
749 159 798 212 IV.
1014 165 1045 214 ⁷7

223 239 273 294 Est
290 239 319 292 in
338 240 486 307 Carpathio
506 240 628 310 Neptuni
646 243 755 310 gurgite
773 245 850 296 vates

184 317 335 372 Caeruleus
356 317 478 382 Proteus,
498 335 626 384 miguum
646 320 692 386 qui
712 317 830 386 piscibus
848 335 952 389 aequor

184 394 221 446 Et
239 393 331 445 iuncto
350 392 482 462 bipedum
502 411 583 446 curru
601 395 716 448 metitur
736 411 875 463 equorum.

184 471 239 524 Hic
258 487 329 523 nunc
349 470 493 524 Emathiae
512 479 607 539 portus
626 473 800 540 patriamque
819 472 913 526 revisit
1008 487 1044 528 eae

183 547 328 612 l'alienen3
347 547 417 600 huuc
437 551 466 600 et
485 547 628 616 Nymphae
647 565 810 602 veneramur
829 549 933 617 etipse

181 625 363 680 Grandaevus
384 624 506 689 Nereus;
525 625 600 678 novit
620 643 737 694 namquo
757 626 846 678 omnia
864 633 948 690 vates,

182 702 259 768 Quae
272 703 334 768 sint,
349 718 418 769 quae
432 701 540 766 ftrcriut,
551 719 622 769 quae
636 719 699 755 mox
712 705 828 756 ventura
840 703 992 758 trahuntur.

182 780 288 848 Quippe
306 784 345 832 ita
365 777 494 846 Neptuno
512 779 599 832 visum
619 783 668 844 est,
688 779 807 832 inmania
826 779 903 833 cuius

182 858 318 910 Annenta
337 860 365 909 et
383 855 471 922 turpis
490 855 576 924 pascit
596 855 646 908 sub
664 857 773 924 gurgite
793 856 901 924 phocas.
1006 871 1042 910 aas

181 933 235 986 Hic
253 933 312 1000 tihi,
332 937 404 998 nate,
423 932 500 1000 prius
519 932 613 985 vinclis
631 933 787 1001 capiendus,
806 937 838 987 ut
855 950 963 986 onmem

180 1009 318 1077 Expediet
336 1008 424 1061 morbi
443 1023 573 1074 caussam,
593 1013 761 1077 eventusque
780 1010 918 1062 secundet.

180 1085 252 1138 Nam
271 1086 328 1139 sino
346 1086 372 1138 vi
390 1101 443 1138 non
460 1084 516 1137 ulla
535 1084 611 1138 dabit
630 1089 782 1153 praecepta
802 1101 892 1154 neque
912 1087 989 1138 iilum

180 1162 292 1214 Oraudo
310 1161 418 1215 flectes:
438 1162 492 1214 vim
511 1161 608 1214 duram
628 1165 657 1214 et
677 1161 782 1214 vincula
799 1167 880 1228 capto

179 1238 288 1304 Tende;
306 1237 361 1291 doli
374 1239 475 1292 circum
487 1237 553 1290 haee
566 1237 675 1290 denumr
688 1238 850 1305 fruugentur
861 1238 964 1292 inanes.
1003 1255 1040 1294 soe

179 1314 245 1383 Ipsa
262 1333 313 1384 ego
331 1319 368 1382 te,
386 1315 491 1368 medios
509 1329 570 1366 cum
589 1314 628 1367 sol
646 1314 802 1367 accenderit
818 1319 916 1380 aestus,

180 1391 249 1445 Cum
267 1393 364 1446 sitiunt
381 1391 491 1456 herbae,
510 1394 540 1443 et
557 1391 647 1458 pecori
665 1392 718 1444 iam
737 1391 841 1459 gratior
858 1392 955 1446 umbra
973 1397 1023 1460 est,

181 1469 213 1520 In
232 1472 338 1522 secreta
357 1469 429 1538 senis
447 1467 552 1535 ducam,
571 1483 625 1536 quo
644 1468 731 1520 fessus
749 1467 784 1520 ab
802 1468 882 1522 undis

178 1543 214 1597 Se
232 1545 336 1612 recipit,
355 1545 435 1598 facile
454 1547 485 1596 ut
503 1560 597 1596 somno
616 1544 778 1612 adgrediare
796 1545 939 1600 iacentem.

179 1620 283 1674 Verum
301 1620 348 1674 ubi
366 1624 522 1690 correptum
540 1621 665 1674 manibus
683 1621 841 1690 vinciisque·
851 1623 966 1688 tenebis,
1001 1638 1037 1678 soe

177 1697 246 1751 Tum
265 1699 356 1752 variae
376 1697 489 1752 eludent
509 1699 610 1766 species
628 1701 712 1766 atquo
731 1715 778 1751 ora
797 1699 923 1752 ferarum.

178 1773 240 1829 Fiet
259 1776 331 1828 enim
350 1775 440 1829 subito
459 1791 504 1828 sus
524 1774 659 1842 horridus,
677 1779 793 1843 atraque
812 1774 898 1844 tigris,

177 1852 399 1920 Squamosusque
418 1851 507 1917 drecO,
527 1854 555 1903 et
573 1851 647 1904 fulva
665 1851 769 1904 cervice
788 1852 896 1916 leaena;

177 1929 236 1982 Aut
254 1944 345 1982 acrem
363 1927 488 1980 flammae
507 1928 625 1980 sonitum
644 1927 727 1992 dabit,
747 1932 831 1996 atque
850 1929 890 1981 ita
907 1929 1000 1983 vinclis

177 2003 299 2072 Excidet,
319 2005 412 2058 autin
430 2019 515 2072 aquas
533 2004 623 2056 tenuis
643 2003 763 2071 dilapsus
782 2003 878 2058 abibit.
998 2019 1035 2058 410
1055 2047 1058 2053 .

176 2080 232 2134 Sed
250 2085 352 2149 quanto
370 2081 416 2134 ille
435 2081 520 2148 magis
538 2081 638 2133 formas
658 2097 687 2132 se
705 2083 796 2132 vertet
814 2079 841 2132 in
860 2081 953 2146 erunis,

176 2155 271 2224 Tanto,
289 2160 361 2224 nate,
380 2158 465 2225 magis
484 2156 619 2210 contende
637 2155 744 2208 tenacia
762 2156 856 2223 vincla,

176 2234 268 2288 Donec
286 2234 349 2288 talis
368 2235 421 2288 erit
439 2237 546 2287 mutato
565 2249 685 2301 corpore,
705 2231 812 2301 qualem

177 2309 294 2378 Videris,
313 2311 423 2380 incepto
441 2315 550 2378 tegeret
568 2325 629 2364 eum
647 2309 748 2362 lumina
766 2318 870 2362 somno?

210 2387 286 2441 Haec
298 2388 345 2456 ait,
358 2393 387 2441 et
398 2387 533 2456 liquidum
546 2387 697 2440 ambrosiae
710 2383 840 2440 diffundit
852 2390 972 2454 odorem,
996 2402 1032 2442 41⁵

175 2466 234 2530 Quo
252 2469 341 2518 totum
360 2465 418 2518 nati
437 2481 535 2532 corpus
553 2463 699 2532 perduxit;
718 2463 805 2516 atilli

175 2541 266 2595 Dulcis
285 2541 432 2610 conpositis
451 2540 564 2610 spiravit
582 2539 701 2593 crinibus
719 2557 793 2607 ama,

176 2620 268 2686 Atque
280 2617 377 2670 habilis
390 2616 519 2670 membris
532 2617 606 2670 venit
618 2617 700 2684 vigor.
738 2616 788 2670 uso
800 2634 896 2686 specus
907 2618 1003 2682 iugens

174 2694 255 2747 Exesi
272 2695 360 2747 latere
378 2691 406 2745 iu
425 2694 533 2760 montis,
553 2709 606 2762 quo
624 2693 741 2762 plurima
759 2698 841 2746 vento

173 2769 289 2838 Cogitur
306 2770 388 2838 inque
407 2771 482 2822 sinus
500 2769 600 2823 scindit
619 2787 678 2823 sese
695 2769 770 2822 unda
786 2769 922 2836 reductos,
995 2783 1031 2822 sao

173 2845 321 2914 Deprensis
339 2846 403 2899 olim
423 2847 504 2899 statio
523 2847 660 2899 tutissima
678 2845 784 2911 nautis;

173 2921 253 2975 Intus
272 2939 301 2976 se
320 2923 390 2976 vasti
409 2921 525 2975 Proteus
544 2923 616 2989 tegit
633 2921 719 2975 obiice
738 2921 804 2975 saxi.

173 2997 226 3052 llic
243 2999 370 3053 iuvenem
388 2999 415 3051 iu
433 2997 545 3051 latebris
563 3015 687 3051 aversum
706 2997 841 3050 alumine
859 2996 987 3064 Nympha

172 3073 307 3139 Oolloeat3
325 3076 384 3144 ipsa
400 3074 495 3144 procul
514 3074 620 3128 nebulis
638 3075 753 3128 obscura
771 3073 881 3126 resistit.

172 3150 232 3204 Iam
250 3151 363 3220 rapidus
381 3155 488 3204 torrens
506 3151 623 3203 sitientis
642 3151 726 3204 Sirius
747 3149 830 3203 Indos
993 3162 1029 3204 ω

173 3225 300 3295 Ardebat
318 3227 401 3292 caelo,
418 3229 447 3278 et
465 3225 585 3293 medium
604 3225 644 3294 soi
662 3227 757 3293 igneus
775 3225 869 3294 orbem
