2232 3556
129 134 176 182 324
365 131 393 178 Ρ.
412 131 566 180 VERGILI
583 130 748 180 MARONIS

129 209 250 278 Eripere,
268 211 423 280 auxilioque
441 212 519 278 viam,
538 227 608 278 quae
625 227 765 280 proxuma,
782 207 886 280 poscit:

129 285 202 338 Ense
220 291 314 341 secent
331 288 386 342 lato
404 287 507 354 volnus,
526 287 630 354 telique
648 286 782 341 latebram

129 361 298 417 Rescindant
315 366 432 433 ponitus,
451 380 565 432 seseque
583 363 612 414 in
629 361 701 416 bella
718 364 870 417 remittant
946 374 987 414 aso

22 473 24 476 -
130 438 244 506 Iamque
263 440 360 494 aderat
379 440 489 494 Phoebe
508 444 572 493 ante
591 439 657 492 alios
675 439 794 493 dilectus
813 438 888 506 Iapis

130 514 244 581 Iasides,
263 518 318 570 aeri
337 517 474 586 quondam
493 517 536 570 cui
555 520 651 584 captus
669 532 761 569 amore

130 591 194 660 lpse
213 609 275 646 suas
293 594 368 660 artis,
387 611 437 648 sua
454 610 574 659 munera,
592 592 681 646 laetus
702 591 800 661 Apollo

131 669 285 736 Augurium
304 671 492 736 citharamque
511 669 595 722 dabat
612 668 764 736 celerisque
782 667 903 734 sagittas

131 744 189 811 llle,
208 749 240 799 ut
258 746 377 815 depositi
395 746 531 814 proferret
549 745 607 798 fata
624 745 753 812 parentis,
946 756 987 794 ωε

130 819 204 873 Scire
222 825 374 889 potestates
392 821 539 875 herbarum
557 837 691 886 usumque
708 817 838 872 medendi

130 896 230 950 Maluit
247 901 277 950 et
294 901 385 951 mutas
403 897 509 964 agitare
527 895 659 963 inglorius
677 895 752 949 artis.

130 972 228 1026 Stabat
245 973 344 1027 acerba
362 973 489 1038 fremens,
507 972 646 1038 ingentem
663 971 743 1024 nixus
760 971 789 1023 in
806 969 914 1022 hastam

132 1049 246 1115 Aeneas,
263 1066 362 1118 magno
380 1049 508 1103 iuvenum
526 1050 555 1100 et
572 1047 722 1100 maerentis
741 1045 795 1100 luli

131 1124 278 1194 Concursu,
296 1125 415 1178 lacrimis
432 1123 585 1178 immobilis.
623 1122 674 1176 Ille
692 1125 798 1176 retorto
945 1136 986 1176 eoo
1101 1173 1102 1200 ἢ

132 1200 280 1255 Paeonium
298 1202 326 1254 in
344 1219 448 1255 niorem
467 1201 557 1254 senior
576 1199 727 1253 succinctus
745 1198 854 1264 amictu,

130 1277 219 1332 Multa
237 1295 319 1331 manu
336 1279 443 1332 medica
461 1276 620 1345 Phoebique
637 1275 797 1344 potentibus
815 1273 906 1327 herbis

131 1352 306 1422 Nequiquam
323 1354 452 1424 trepidat,
472 1353 636 1420 nequiquam
655 1351 759 1419 spicula
776 1351 873 1404 dextra

35 1437 42 1451 ⁶
130 1429 263 1483 Sollicitat
280 1434 446 1500 prensatque
464 1431 554 1485 tenaci
571 1428 673 1495 forcipe
690 1427 800 1480 ferrum.

130 1504 214 1558 Nulla
231 1506 302 1559 viam
322 1507 443 1560 Fortrma
461 1506 534 1574 regit
540 1527 549 1575 3
566 1504 633 1557 nihil
651 1507 746 1557 auctor
766 1501 863 1571 Apollo
945 1517 985 1556 eos

131 1581 276 1646 Subvenit;
295 1587 323 1636 et
342 1600 438 1636 saevus
456 1585 558 1649 campis
576 1581 662 1648 magis
679 1597 711 1634 ac
729 1579 814 1647 magis
832 1578 928 1631 horror

131 1657 280 1725 (hebescit,
298 1658 465 1726 propiusque
483 1657 584 1710 malmn
603 1660 653 1710 est.
682 1656 740 1710 Iam
753 1655 864 1724 pulvere
876 1653 983 1708 eaelum

131 1734 210 1787 Stare
228 1733 330 1800 vident,
349 1733 522 1801 subeuntque
541 1733 656 1800 equites,
675 1736 704 1787 et
722 1731 825 1801 spicula
843 1729 940 1784 castris

131 1809 223 1863 Densa
240 1810 342 1864 eadunt
360 1809 465 1863 mediis.
503 1809 531 1862 It
549 1810 636 1862 tristis
654 1808 690 1862 ad
708 1808 819 1862 aethera
837 1806 939 1859 elamor

131 1886 286 1940 Bellantunr
304 1887 432 1940 iuvenum
451 1889 480 1940 et
498 1885 567 1938 duro
586 1885 636 1938 sub
655 1885 746 1939 Marte
764 1883 917 1938 cadentum.
944 1897 984 1936 410

131 1962 185 2016 Hic
203 1963 303 2028 Venus,
322 1963 432 2031 indigno
450 1963 508 2015 nati
526 1979 654 2015 concussa
672 1961 772 2028 dolore,

131 2038 303 2092 Dictamnum
321 2039 447 2106 genetrix
466 2037 583 2091 Cretaea
602 2037 689 2105 carpit
707 2037 742 2090 ab
761 2037 819 2105 Ida,

131 2115 285 2168 Puberibus
303 2115 407 2168 caulem
425 2113 496 2167 foliis
515 2117 543 2166 et
562 2113 628 2166 flore
646 2117 797 2167 comantem

132 2190 289 2260 Purpureo;
306 2207 360 2244 non
378 2191 425 2244 illa
441 2190 507 2243 feris
524 2189 661 2256 incognita
678 2189 766 2258 capris

131 2267 267 2334 Gramina,
286 2284 347 2322 eum
364 2270 443 2334 tergo
461 2266 584 2318 volueres
601 2265 714 2319 haesere
733 2265 856 2333 sagittae.
945 2279 983 2318 ue

132 2343 192 2396 Hoc
210 2343 312 2410 Venus,
331 2342 445 2396 obscuro
463 2342 559 2394 faciem
577 2341 744 2395 circumdata
761 2340 858 2405 nimbo,

131 2419 253 2482 Detulit;
270 2417 321 2470 hoe
339 2418 429 2470 fusum
447 2417 530 2470 labris
548 2416 756 2486 splendentibus
774 2432 881 2470 amnem

131 2495 230 2562 inlicit,
249 2494 354 2547 occulte
373 2495 519 2558 medicans,
538 2493 697 2562 spargitque
715 2492 829 2547 salubris

131 2569 293 2624 Ambrosiae
312 2586 389 2624 sucos
407 2574 436 2624 et
454 2569 617 2623 odoriferam
634 2586 787 2638 panaceam.

131 2647 211 2700 Fovit
229 2664 261 2700 ea
278 2645 373 2699 volnus
391 2645 500 2714 lympha
517 2646 663 2712 longaevus
684 2647 757 2715 Iapis
946 2657 984 2696 eae

132 2723 271 2792 Ignorans,
290 2721 433 2792 subitoque
451 2722 539 2775 omnis
557 2721 591 2775 de
610 2739 721 2790 corpore
739 2722 809 2790 fugit

131 2799 237 2868 Quippe
256 2799 340 2864 dolor,
358 2799 446 2852 onmis
464 2799 543 2852 stet't
561 2799 616 2851 imo
634 2799 743 2852 volnere
761 2796 875 2864 sangnis

132 2877 245 2944 lamque
265 2879 358 2928 secuta
375 2892 492 2940 manum,
510 2875 584 2927 nullo
602 2877 724 2942 cogente,
743 2872 844 2941 sagitta

130 2951 247 3018 Excidit,
266 2954 350 3019 atque
368 2968 453 3004 novae
471 2949 578 3003 redicre
596 2950 624 3002 in
641 2949 757 3018 pristina
774 2948 852 3001 vires.

130 3027 217 3079 Arma
234 3027 282 3080 citi
300 3031 444 3095 properate
462 3027 535 3078 vire!
555 3025 623 3094 quid
641 3026 740 3078 statisl
761 3023 835 3090 Iapis
945 3036 983 3076 m

130 3099 296 3166 Conclamat,
315 3102 472 3170 primusque
491 3101 594 3154 animes
612 3099 738 3153 accendit
755 3099 783 3151 in
801 3099 915 3150 hostem.

131 3174 192 3227 Non
210 3176 277 3229 haec
295 3177 419 3230 hunmnis
437 3177 542 3245 opibus,
560 3193 614 3228 non
632 3179 693 3230 arte
711 3173 842 3242 magistra
