2234 3554
127 137 172 188 176
358 132 386 180 P.
406 131 558 182 VERGILI
577 131 741 186 MARONIs

127 215 278 282 Sideraque
296 229 421 267 emensae
439 213 560 285 ferimur,
579 216 645 268 dum
662 231 713 283 per
731 231 806 271 more
824 232 953 287 magnum

127 292 237 347 Italiam
255 289 394 358 sequimur
410 290 568 360 fugientem,
587 295 615 346 et
634 292 767 346 volvimur
783 293 871 348 undis.

127 369 182 422 llic
200 368 294 437 Erycis
311 367 379 422 fines
396 368 517 435 fraterni,
535 372 619 438 atque
635 369 735 438 hospes
754 370 883 425 Acestes:
941 387 978 426 osa

127 446 193 511 Quis
210 445 337 514 prohibet
355 463 446 498 muros
463 445 552 499 iacere
570 449 599 500 et
617 445 684 498 dare
701 446 805 499 civibus
821 447 934 503 urbemi

127 527 149 574 a)
168 523 259 592 patria
276 526 305 576 et
323 522 395 590 rapti
413 522 578 590 nequiquam
596 539 631 574 er
649 522 727 576 hoste
747 523 872 591 Penates,

126 599 242 652 Nullane
260 601 314 652 inm
333 598 429 650 Troiae
447 598 574 652 dicentur
591 599 714 652 moenial
731 616 866 668 nusquam

127 677 279 730 Hectoreos
296 677 391 743 amnis,
410 674 550 729 Xanthum
569 679 598 729 et
617 676 762 742 Simoenta,
781 675 898 731 videbol

127 754 198 816 Quin
216 755 288 822 agite
307 757 335 807 et
353 769 459 806 meeum
476 753 607 806 infaustas
625 753 732 806 exurite
749 753 855 822 puppis.
941 766 977 806 me

126 829 149 881 N
154 846 198 882 arn
215 831 281 884 mihi
301 829 470 884 Cassandrae
487 847 537 898 per
556 846 678 884 somnum
696 831 765 884 vatis
782 830 872 897 imago

127 905 260 960 Ardentis
279 907 344 961 dare
362 908 419 961 visa
436 909 520 962 faces:
545 908 599 961 Hie
618 907 741 976 quaerite
760 907 882 972 Troiam;

126 982 181 1036 Hic
198 983 294 1038 domus
312 988 361 1052 est,
379 985 476 1054 inquit,
493 984 577 1038 vobis.
614 985 674 1038 Iam
691 987 799 1053 tempus
817 983 861 1050 agi
879 999 928 1038 rea

126 1059 184 1114 Nec
201 1063 287 1116 tantis
304 1079 380 1116 mora
397 1063 534 1132 prodigiis.
571 1063 613 1116 En
632 1063 763 1130 quattuor
779 1076 843 1113 arao

125 1136 151 1190 N
154 1142 270 1208 eptuno;
292 1140 360 1194 deus
377 1141 435 1208 ipse
453 1142 524 1194 faces
541 1140 715 1206 animumque
732 1136 876 1190 ministrat.
940 1146 977 1185 eso

126 1215 204 1270 llaec
221 1233 374 1271 memorans
390 1215 478 1284 prima
495 1216 630 1270 infensum
648 1216 675 1268 ri
692 1213 804 1282 corripit
821 1212 917 1278 ignem,

127 1294 294 1364 Sublataque
311 1295 405 1364 procul
423 1294 522 1348 dextra
539 1294 653 1347 connixa
670 1292 801 1356 coruscat,

126 1369 164 1423 Et-
179 1371 251 1426 iacit.
287 1373 421 1426 Arreetao
438 1374 545 1424 mentes
562 1367 770 1438 stupefactaque
788 1363 876 1418 eorda'

126 1446 252 1502 Iliadum.
290 1449 344 1502 Hie
361 1466 416 1502 nna
433 1464 448 1498 e
467 1445 566 1512 multis,
584 1461 654 1514 quae
672 1456 799 1496 maxuma
815 1442 891 1504 natu,

127 1523 224 1593 Pyrgo,
242 1529 286 1580 tot
305 1525 406 1578 Priami
424 1525 549 1576 natorum
566 1522 644 1590 regia
660 1520 766 1574 nutrix:
940 1526 977 1567 ees

127 1598 152 1652 N
155 1617 189 1654 on
208 1602 295 1655 Beroe
313 1600 396 1668 robis,
415 1617 468 1654 non
485 1600 552 1654 hacc
571 1598 713 1664 Rhoeteia,
732 1599 841 1659 matres,

127 1678 177 1732 Est
196 1679 304 1748 Dorycli
321 1678 453 1744 coniunx3
470 1677 555 1730 divini
573 1677 649 1744 signa
667 1673 772 1728 decoris

128 1755 428 1825 A1·‹lentisqnonetate
446 1754 552 1818 oeulos;
570 1753 617 1822 qui
635 1751 748 1821 spiritus
765 1747 812 1815 illi,

127 1831 179 1895 Qui
197 1833 294 1898 voltus,
313 1833 439 1902 voceque
457 1847 545 1898 sonus,
563 1831 606 1884 vel
623 1844 734 1898 gressus
752 1824 835 1880 eunti.

128 1909 193 1976 Ipsa
210 1914 319 1978 egomet
337 1909 441 1963 dudum
460 1908 566 1961 Beroen
585 1907 709 1974 digressa
725 1901 824 1970 reliqui
942 1912 979 1952 eso

128 1988 256 2056 Aegram,
274 1986 471 2054 indignantem,
488 1985 538 2038 tali
556 1983 630 2053 quod
648 1981 706 2034 sola
722 1979 830 2033 careret

126 2063 249 2130 Munere,
267 2082 317 2119 neo
334 2065 447 2119 meritos
468 2061 605 2116 Anchisae
622 2057 737 2112 inferret
754 2055 877 2108 honores.

127 2139 204 2194 Haeo
223 2140 310 2194 effata.

127 2218 167 2269 At
184 2221 286 2272 matres
303 2217 392 2286 primo
410 2216 552 2285 ancipites,
571 2211 709 2279 oculisque
726 2206 852 2274 malignis

127 2293 281 2363 Ambiguae
298 2300 423 2362 spectaro
440 2296 515 2346 rates
533 2291 663 2343 miserum
681 2287 755 2340 inter
772 2297 892 2337 amorem
942 2295 980 2335 oss

127 2370 283 2422 Praesentis
301 2373 392 2422 terrae
410 2369 530 2437 fatisque
547 2366 671 2420 vocantia
688 2377 785 2430 regna:

127 2447 195 2499 Cum
214 2446 266 2499 deo
284 2462 312 2498 se
330 2445 440 2513 paribus
458 2461 507 2513 per
525 2443 629 2496 caelum
648 2440 759 2494 sustulit
777 2437 827 2490 alis

128 2522 326 2591 ingentemque
343 2522 408 2588 fuga
426 2522 512 2576 secuit
530 2521 580 2574 sub
598 2519 716 2572 nubibus
728 2530 828 2569 areum.

126 2601 193 2654 'lum
211 2617 275 2654 roro
293 2598 427 2654 attonitae
444 2598 573 2652 monstris
591 2601 723 2663 actaeque
740 2593 833 2646 furore

126 2677 310 2743 Conclamant,
328 2677 492 2745 rapiuntque
510 2674 577 2727 iocis
594 2670 781 2741 penetralibus
797 2668 904 2736 ignem3
942 2678 978 2716 m

126 2753 194 2810 Pars
211 2756 413 2825 spoliantem,
431 2751 555 2806 frondem
573 2767 604 2803 ao
623 2749 740 2817 virgulta
756 2747 885 2810 facesque

125 2831 285 2888 Oeniieiunt.
322 2834 400 2887 Furit
417 2830 536 2884 inmissis
556 2828 690 2880 Volcanus
707 2822 821 2877 habenis

125 2902 256 2964 'lranstra
273 2925 322 2978 per
340 2913 369 2961 et
387 2923 476 2960 ternos
494 2911 523 2958 et
541 2905 627 2972 pictas
645 2902 735 2955 abiete
752 2897 858 2968 puppis

126 2986 245 3038 Nuntius
265 2985 400 3039 Anchisae
418 2983 454 3036 ad
471 2979 608 3035 tumulum
626 2991 779 3045 cuneosque
797 2969 901 3026 theatri

127 3063 254 3116 Incensos
271 3061 376 3130 perfert
393 3059 470 3113 navis
488 3055 626 3118 Eumelus,
645 3057 675 3107 et
692 3052 744 3121 ipsi
942 3054 978 3092 1³8⁵

126 3139 287 3208 Respicinnt
304 3140 393 3193 atram
411 3136 440 3188 in
458 3133 551 3189 nimbo
569 3131 683 3185 volitare
700 3127 849 3212 fauillam

128 3215 235 3268 Primus
252 3218 281 3268 et
301 3213 441 3281 Ascanius,
459 3226 555 3266 cursus
572 3211 605 3262 ut
622 3207 711 3261 laetus
728 3205 866 3274 equestris
