2274 3554
429 147 612 195 AENEIDOS
630 148 699 197 LIB.
719 149 768 199 IV.
979 151 1023 202 147

171 227 301 284 (laudens
319 230 348 280 at
366 225 469 294 pariter
488 225 561 278 facta
579 231 662 293 atque
680 227 781 281 iniecta
799 229 927 284 canebat:
991 244 1027 284 rao

172 304 287 358 Venisse
306 304 427 368 Aenean,
446 301 561 354 Troiano
580 303 711 370 sanguine
730 309 844 374 cretum,

171 381 221 436 Oui
240 397 268 433 se
286 377 399 446 pulchra
417 377 474 429 viro
494 378 624 446 dignetur
642 379 755 446 iungere
774 381 860 447 Dido;

170 459 196 512 N
198 475 250 512 unc
268 456 384 508 hiemem
403 453 475 507 inter
495 470 524 507 sa
542 455 615 521 luxu,
636 472 718 524 quam
736 456 824 525 longa,
841 459 933 514 fovere

171 535 327 604 Regnorum
346 531 511 584 inmemores
530 533 660 602 turpique
679 533 806 603 cupidine
824 540 925 604 captos.

174 613 248 666 Haec
265 608 366 677 passim
386 607 438 662 dea
456 608 538 662 foeda
556 610 644 663 virum
664 611 794 664 diffundit
812 612 838 664 in
856 629 911 666 ora
993 625 1028 668 rat

172 687 300 740 Protinus
317 683 353 737 ad
372 701 466 753 regem
485 703 579 740 cursus
599 686 747 755 detorquet
766 687 875 756 Iarban,

172 763 352 832 incenditque
371 765 491 817 animum
511 763 592 816 dictis
610 769 694 833 atque
711 769 826 834 aggernt
843 765 904 820 iras.

205 841 259 894 llic
278 841 434 894 Hammone
453 844 537 908 satus,
555 845 636 910 rapta
654 841 850 896 Garamantide
869 842 1002 912 Nympha,

171 917 283 986 Templa
302 917 360 970 lovi
379 922 489 971 centum
509 919 573 972 latis
590 919 711 972 inmania
728 919 826 986 regnis,

171 995 287 1057 Centum
306 1010 366 1048 aras
384 994 482 1060 posuit,
503 991 666 1059 vigilemque
684 999 839 1048 sacraverat
857 996 956 1063 ignem,
990 1008 1029 1048 aaa

171 1064 304 1125 Excubiae
322 1070 413 1124 divom
432 1075 564 1134 aeternas,
584 1069 776 1138 pecudumque
795 1088 891 1125 cruore
968 1101 975 1113 ·

171 1147 275 1216 Pingue
293 1148 379 1202 solum
398 1149 427 1200 et
446 1146 527 1200 variis
545 1145 672 1200 florentia
691 1147 785 1200 limina
804 1149 893 1202 sertis.

171 1225 254 1294 Isque
272 1241 365 1278 amens
384 1221 466 1276 animi
485 1227 514 1275 et
532 1239 641 1276 rumore
660 1240 789 1277 accensus
807 1240 898 1278 amaro

172 1303 277 1360 Dicitur
294 1305 359 1354 aute
378 1317 439 1354 aras
458 1299 548 1354 media
566 1300 638 1353 inter
657 1301 767 1354 numina
785 1301 875 1354 divom

172 1380 260 1434 Multa
279 1380 370 1432 Iovem
390 1377 514 1430 manibus
534 1377 649 1446 supplex
668 1395 760 1432 orasse
778 1379 893 1447 supinis:
991 1396 1028 1437 aas

172 1457 296 1525 luppiter
315 1456 493 1523 omnipotens,
514 1454 557 1508 cui
576 1471 648 1508 nunc
668 1455 808 1509 Maurusia
825 1457 905 1524 pictis

171 1534 245 1587 Gens
263 1532 372 1601 epulata
391 1533 459 1586 toris
478 1532 615 1587 Lenaeum
634 1533 703 1587 libat
720 1532 857 1598 honorem,

172 1610 279 1679 Aspicis
296 1610 382 1664 haecl
403 1626 437 1662 an
457 1614 494 1676 te,
511 1609 625 1676 genitor,
645 1625 706 1662 cum
725 1609 839 1664 fulmina
858 1614 980 1679 torques,

171 1687 343 1756 Nequiquam
362 1687 512 1752 horremus,
531 1685 660 1754 caecique
678 1686 706 1738 in
725 1685 843 1739 nubibus
861 1687 938 1754 ignes

171 1764 331 1817 Terrificant
348 1763 451 1816 animos
470 1767 499 1816 et
516 1763 605 1816 inania
623 1779 763 1816 murmura
780 1764 911 1818 miscenti
991 1778 1029 1818 alo

171 1840 291 1909 Femina,
309 1857 379 1908 quae
397 1840 498 1892 nostris
517 1855 611 1891 errans
628 1839 656 1891 in
674 1839 775 1892 finibus
791 1840 888 1894 urbem

171 1918 303 1985 Exiguam
321 1915 412 1984 pretio
429 1915 528 1982 posuit,
546 1915 589 1967 cui
607 1915 673 1968 litus
690 1917 823 1969 arandum

171 1994 275 2062 Cuique
292 1993 344 2046 loci
362 1991 437 2059 leges
455 1989 589 2057 dedimus,
608 1991 742 2044 connubia
760 1999 853 2054 nostra

171 2069 303 2138 Reppulit
321 2085 352 2122 ac
371 2067 511 2120 dominum
532 2071 646 2120 Aenean
664 2067 691 2120 in
711 2085 795 2133 regna
813 2071 926 2137 recepit.

172 2147 208 2202 Et
226 2161 296 2198 nunc
313 2145 360 2198 ille
378 2143 456 2196 Paris
474 2160 534 2197 cum
554 2143 679 2197 semiviro
697 2145 834 2208 comitatu,
992 2161 1028 2202 aa

172 2221 297 2275 Maeonia
313 2223 436 2276 mentum
454 2221 536 2274 mitra
555 2221 710 2288 crinemque
728 2220 883 2275 madentem

172 2297 322 2365 Subnexus,
341 2300 423 2366 rapto
441 2297 561 2374 petitur:
581 2313 631 2350 nos
648 2313 761 2351 munera
778 2298 887 2367 templis

173 2376 279 2446 Quippe
296 2375 351 2430 tuis
369 2375 489 2442 ferimus,
509 2375 666 2444 famamque
684 2374 806 2429 fovemus
824 2376 939 2431 inanem.

206 2453 315 2507 Talibus
333 2455 456 2508 orantem
479 2452 558 2507 dictis
577 2469 693 2521 arasque
711 2455 851 2506 tenentem

173 2529 270 2583 Audiit
287 2531 464 2598 omnipotens,
486 2529 631 2598 ocrrlosque
649 2529 685 2582 ad
704 2529 810 2584 moenia
827 2530 908 2584 torsit
991 2545 1027 2584 aaa

174 2607 258 2674 Regia
275 2610 304 2662 et
321 2606 422 2662 oblitos
440 2608 529 2662 famae
548 2607 666 2662 melioris
685 2608 808 2661 amantis.

171 2683 238 2736 Tum
257 2684 296 2738 sic
313 2685 480 2739 Mercurium
500 2685 659 2758 adloquitur
678 2701 709 2738 ac
727 2684 793 2737 talia
810 2683 935 2738 mandat:

171 2759 249 2814 Vade
267 2779 325 2831 age,
342 2768 414 2829 nate,
433 2780 499 2818 voca
518 2763 655 2832 Zephyros
673 2766 701 2816 et
719 2761 812 2814 labere
830 2760 933 2827 pennis,

171 2836 393 2910 Dardaniumque
412 2841 517 2909 ducem,
536 2840 616 2908 Tyria
635 2838 805 2905 Karthagine
824 2836 870 2904 qui
888 2851 959 2888 nunc

171 2914 327 2983 Exspectat,
346 2918 466 2988 fatisque
485 2918 565 2972 datas
583 2934 636 2970 non
655 2915 766 2983 respicit
784 2913 873 2979 urbes,
988 2927 1026 2966 aas

172 2992 331 3062 Adloquere
349 2998 378 3047 et
396 2995 492 3048 celeris
509 2995 587 3048 defer
604 3009 665 3047 mea
683 2992 757 3045 dicta
774 3006 824 3059 per
841 3005 927 3042 auras.

171 3069 197 3122 N
199 3086 233 3122 on
251 3071 327 3123 illurn
345 3069 423 3123 nobis
440 3071 567 3138 genetrix
585 3070 767 3140 pulcherrima
784 3066 868 3120 talem

172 3145 300 3200 Promisit
319 3145 484 3213 Graiumque
501 3147 563 3199 ideo
581 3146 623 3200 bis
640 3147 760 3200 vindicat
778 3143 874 3210 armis;

171 3220 227 3276 Sed
244 3223 311 3290 fore,
329 3221 377 3292 qui
395 3221 535 3290 gravidam
552 3223 665 3292 inperiis
682 3223 808 3292 belloque
826 3221 989 3278 frementem
