2274 3554
419 166 604 215 Auriulnos
625 167 694 216 LIB.
715 167 766 215 IV.
976 172 1021 219 143

166 247 210 301 Sic
228 247 311 302 effata
328 247 418 300 sinum
436 246 554 301 lacrimis
573 247 687 316 inplevit
705 247 816 304 obortis.
998 265 1023 308 aa

201 324 283 376 Anna
300 323 399 378 refert:
418 323 441 376 Ο
460 323 520 378 luce
540 324 626 391 magis
649 323 747 378 dilecta
765 327 858 396 semri,

166 400 265 454 Solane
281 404 417 469 perpetua
433 417 560 454 maerens
579 417 692 468 carpere
710 401 828 470 iuventa,

166 477 224 531 Neo
242 476 330 530 dulcis
348 481 434 544 natos,
455 477 571 530 Veneris
590 494 640 530 nec
658 478 782 546 praemia
799 481 890 536 norisl

166 553 201 606 Id
219 553 338 608 cinerem
357 558 406 607 aut
425 553 514 607 Manis
534 553 622 607 credis
643 570 740 607 curare
759 556 899 624 sepultosl

165 629 245 685 Esto:
263 646 374 698 aegram
392 630 458 683 nulli
477 631 614 700 quondam
635 630 737 684 flexere
756 633 852 700 mariti,
996 652 1021 691 ³5

164 707 190 760 N
192 723 226 760 on
245 706 353 776 Libyae,
371 724 425 760 non
444 713 508 762 ante
527 708 613 776 Tyr03
631 707 777 776 despectus
797 709 892 764 Iarbas

164 784 354 853 Ductoresque
371 784 424 851 alii,
444 802 512 854 quos
533 786 628 838 Africa
647 790 721 839 terra
740 785 887 855 triumphis

164 859 247 914 Dives
265 860 330 914 alit:
347 861 481 929 placitone
500 863 583 916 etiam
602 862 735 932 pugnabis
753 864 855 918 anroril

164 937 189 988 N
191 953 222 990 ec
239 938 314 991 venit
332 938 361 990 in
379 943 506 1005 mentem,
527 957 641 1008 quorum
661 940 815 993 consederis
834 941 921 994 arvisl

165 1013 237 1066 Hine
256 1014 390 1068 Gaetulae
408 1016 497 1083 urbes,
517 1033 603 1084 genus
621 1015 803 1084 insuperabile
821 1016 900 1082 bello,
997 1032 1021 1072 es

164 1089 200 1143 ,ut
218 1091 356 1144 Numidae
373 1092 473 1145 infreni
492 1093 605 1160 cingunt
624 1095 652 1145 et
670 1092 806 1160 inhospita
825 1091 928 1158 Syrtis;

164 1165 237 1220 Hine
256 1167 367 1222 deserta
386 1168 431 1221 siti
450 1169 532 1237 regio,
551 1168 661 1237 lateque
679 1169 802 1220 furentes

163 1242 284 1297 Barcaei.
322 1245 394 1310 Quid
412 1245 484 1298 bella
504 1246 573 1314 Tyro
591 1245 732 1312 surgentia
750 1244 845 1311 dicam,

164 1319 348 1389 Germanique
367 1322 470 1376 minasl

163 1395 213 1450 Dis
231 1397 359 1464 equidem
378 1398 531 1466 auspicibus
550 1413 611 1450 reor
630 1401 659 1451 et
678 1397 783 1450 Iunone
802 1400 923 1452 secunda
997 1413 1021 1452 ω

163 1473 246 1528 Hunc
263 1489 373 1527 cursum
394 1473 489 1527 Iliacas
509 1478 591 1527 vento
609 1474 731 1528 tenuisse
750 1475 862 1528 carinas.

164 1551 250 1616 Quam
263 1554 295 1604 tu
307 1551 412 1619 urbem,
425 1568 508 1617 soror,
521 1551 591 1604 hane
603 1567 705 1618 cernes,
719 1567 789 1618 quae
803 1567 916 1619 surgere
927 1568 1013 1620 regna

163 1627 294 1694 Coniugio
312 1626 374 1682 tali!
399 1628 532 1680 Teucrum
550 1625 743 1680 comitantibus
762 1628 844 1680 armis

162 1703 264 1756 Punica
283 1720 312 1757 se
330 1707 440 1772 quantis
459 1704 567 1756 attollet
585 1703 673 1772 gloria
691 1703 785 1758 rebus!

162 1779 202 1833 'lu
220 1779 302 1834 modo
320 1797 401 1849 posco
420 1780 486 1833 deos
505 1781 618 1848 veniam,
639 1781 777 1848 sacrisque
795 1781 881 1835 litatis
996 1797 1021 1834 oo

164 1857 280 1924 lndulge
297 1856 422 1925 hospitio,
441 1873 604 1925 caussasque
623 1857 732 1909 innecto
750 1858 880 1924 morandi,

162 1934 235 1986 Dum
252 1933 349 2001 pelago
368 1932 490 1984 desaevit
508 1931 614 2000 hiemps
633 1936 662 1984 ot
681 1949 798 1999 aquosus
818 1933 910 2001 Orion,

162 2010 369 2076 Quassataeque
386 2011 467 2075 rates,
487 2007 552 2060 dum
571 2024 624 2060 non
643 2007 788 2059 tractabile
806 2008 917 2062 caelum.

197 2085 251 2137 His
270 2084 350 2138 dictis
368 2084 507 2136 incensum
526 2083 646 2136 animum
665 2082 843 2135 inflammavit
861 2100 960 2151 amore,

162 2163 301 2230 Spemque
320 2160 399 2214 dedit
418 2159 516 2212 dubiae
535 2159 628 2226 menti,
650 2157 784 2226 solvitque
802 2159 941 2226 pudorem.
996 2175 1021 2214 oe

163 2239 299 2307 Principio
318 2236 434 2290 delubra
453 2236 561 2302 adeunt,
582 2251 734 2304 pacemque
752 2251 802 2304 per
820 2251 881 2288 aras

162 2315 333 2384 Exquirunt;
351 2317 473 2368 mactant
492 2312 576 2365 lectas
597 2312 632 2365 de
650 2329 725 2365 inore
744 2311 864 2365 bidentis

163 2393 304 2461 Legilerae
324 2391 418 2446 Cereri
438 2390 605 2458 Phoeboque
624 2389 752 2458 patrique
772 2389 868 2458 Lyae0,

162 2470 260 2523 lunoni
278 2475 342 2524 ante
361 2469 454 2537 omnis,
473 2467 516 2522 cui
536 2467 623 2520 vincla
641 2465 742 2534 iugalia
760 2483 846 2520 curae.

162 2548 234 2616 Ipsa,
252 2549 349 2600 tenens
368 2545 466 2600 dextra
484 2547 615 2614 pateram,
635 2542 819 2612 pulcherrirna
836 2543 924 2596 Dido·
997 2557 1021 2596 aa

162 2623 312 2677 Oandentis
330 2640 428 2677 vaceae
446 2621 537 2675 media
555 2621 629 2673 inter
648 2635 748 2672 cornua
765 2619 864 2686 fundit,

163 2701 221 2754 Aut
240 2703 304 2754 ante
322 2717 370 2754 ora
388 2699 471 2752 deum
488 2698 597 2767 pinguis
616 2696 752 2766 spatiatur
770 2695 806 2747 ad
823 2713 892 2762 aras,

163 2776 357 2846 Instauratque
375 2775 448 2829 diem
467 2775 551 2843 donis,
571 2773 762 2843 pecudumque
781 2771 894 2824 reclusis

161 2853 321 2907 Pectoribus
338 2853 445 2906 inhians
464 2852 595 2921 spirantia
613 2848 727 2903 consulit
746 2850 818 2900 exta.

162 2930 227 2984 Heu
245 2933 338 2983 vatum
356 2930 466 2997 ignarae
484 2931 603 2981 mentes!
625 2926 692 2994 quid
709 2927 773 2976 vota
789 2923 935 2990 furentem,
996 2937 1019 2976 se

162 3007 235 3072 Quid
253 3006 370 3060 delubra
387 3007 497 3059 iuvant?
535 3004 585 3056 Est
603 3002 690 3055 mollis
709 2999 817 3052 tlannna
834 2999 968 3053 medullas

165 3083 282 3150 Interea,
301 3087 331 3136 et
348 3083 463 3136 taciturn
481 3083 547 3135 vivit
566 3080 616 3134 sub
635 3081 746 3147 pectore
764 3075 867 3130 volnus.

163 3160 262 3214 Uritur
279 3159 375 3213 infelix
394 3159 465 3212 Dido
484 3162 599 3226 totaque
618 3156 734 3222 vagatur

163 3233 240 3290 Urb'e
256 3237 358 3305 furens,
376 3235 463 3306 qualis
481 3235 604 3288 coniecta
622 3247 701 3284 cerva
719 3229 829 3299 sagitta,
