2274 3554
120 139 165 185 124
322 133 336 148 ’
358 136 387 183 P.
409 135 562 196 VERGILL
578 134 741 182 MARONIS

119 219 155 272 Et
173 223 275 272 terram
295 215 358 270 tabo
376 217 520 270 inoculant.
559 215 630 268 Mihi
648 215 764 283 frigidus
782 220 878 272 horror

119 293 244 348 Membra
257 293 354 362 quatit,
367 293 529 362 gelidusque
542 294 596 346 coit
609 293 754 347 formidine
767 297 883 364 sanguis.
954 313 977 352 ec

119 371 224 424 Rursus
242 380 270 424 et
288 371 401 424 alterius
418 371 524 425 lentum
543 371 695 424 convellere
715 372 803 425 vimen

119 449 253 516 Insequar
271 453 300 502 et
318 465 426 502 caussas
445 449 555 517 penitus
574 451 712 515 temptare
731 449 853 503 latentis:

119 527 190 578 Ater
208 530 236 579 et
254 526 367 578 alterius
387 526 513 594 sequitur
532 524 568 577 de
586 525 688 578 cortice
707 527 823 593 sanguis.

119 602 207 656 Multa
224 620 335 656 movens
353 604 442 656 animo
463 601 604 670 Nymphas
622 603 772 656 venerabar
789 608 906 672 agrestis

119 678 322 747 Gradivumque
340 683 454 748 patrem,
475 679 579 732 Geticis
597 679 644 748 qui
662 680 802 748 praesidet
820 682 898 749 arvis,
952 697 976 737 ss

119 755 183 808 Rite
202 756 383 809 secundarent
402 757 476 809 risus
495 773 630 824 omenque
648 756 776 810 levarent.

118 831 211 884 Tertia
229 831 278 884 sed
296 837 442 902 postquam
461 835 563 887 maiore
581 833 690 886 hastilia
707 833 767 886 nisu

121 907 277 975 adgredior
294 909 464 978 genibusque
485 912 615 964 adversae
632 909 756 963 obluctor
773 928 905 965 arenae-

119 984 244 1054 Eloquar,
263 1003 298 1038 an
317 987 582 1057 sileaml—gemitus
600 987 775 1041 lacrimabilis
792 989 846 1042 imo
944 996 946 1000 ’

119 1062 240 1116 Auditur
258 1065 370 1132 tumide,
389 1068 418 1119 et
436 1083 487 1118 vox
506 1065 618 1119 reddita
636 1065 724 1118 fertur
742 1065 777 1118 ad
795 1067 882 1120 auris:
953 1081 976 1120 ro

119 1138 191 1202 Quid
209 1141 344 1207 miserum,
365 1145 467 1209 Aenea,
486 1143 605 1196 lacerasl
624 1141 678 1195 iam
696 1159 779 1212 parce
797 1143 919 1210 sepult03

119 1213 204 1269 Parce
222 1218 280 1285 pias
300 1219 433 1272 scelerare
452 1237 555 1272 manus.
595 1219 619 1270 N
623 1235 657 1271 on
676 1236 720 1272 me
738 1219 789 1272 tibi
808 1220 888 1273 Troia

118 1291 268 1346 Externum
287 1295 358 1359 tulit,
378 1300 426 1348 aut
445 1313 524 1349 cruor
543 1297 586 1349 hic
604 1295 640 1348 de
658 1297 751 1364 stipite
769 1300 869 1350 manat.

118 1368 196 1422 Heu!
216 1371 281 1437 fuge
299 1372 416 1424 crudelis
434 1376 529 1438 terras,
547 1373 611 1440 fuge
629 1373 694 1425 litus
712 1389 830 1425 avarum.

117 1444 189 1498 Nam
209 1446 359 1514 Polydorus
379 1465 436 1514 ego.
476 1449 529 1500 Hic
547 1448 681 1500 confixum
701 1449 788 1500 ferrea
807 1447 879 1501 texit
950 1463 973 1502 a

118 1521 243 1574 Telorum
262 1539 340 1588 seges
360 1529 388 1576 et
406 1523 499 1576 iaculis
518 1524 632 1576 increvit
651 1524 743 1576 acutisv

152 1598 219 1650 Tum
238 1615 302 1650 vero
322 1599 432 1666 ancipiti
451 1603 571 1652 mentem
592 1598 737 1651 formidine
755 1615 864 1666 pressus

118 1674 250 1743 Obstipui,
271 1679 462 1744 steteruntque
482 1691 573 1727 comae
592 1679 621 1728 et
639 1691 691 1727 vox
710 1674 832 1727 saucibus
850 1675 945 1730 haesit

119 1751 199 1804 Hunc
219 1751 381 1818 Polydorum
401 1751 460 1804 auri
479 1751 616 1819 quondam
634 1767 695 1803 cum
714 1750 834 1818 pondere
851 1765 950 1815 magno

119 1827 216 1880 Infelix
237 1827 360 1880 Priamus
378 1827 472 1880 furtim
491 1827 634 1880 mandarat
652 1826 779 1879 alendum
949 1841 973 1878 so

118 1904 241 1957 Threicio
259 1905 325 1974 regi,
344 1921 404 1958 eum
422 1905 476 1957 iam
494 1903 633 1956 diffideret
651 1903 734 1956 armis

118 1981 272 2034 Dardaniae
290 1983 417 2050 cingique
431 1981 532 2046 ¹urbem
551 1981 691 2034 obsidione
708 1979 823 2034 videret.

95 2041 104 2114 l
120 2059 177 2124 Ille,
195 2063 226 2112 ut
244 2075 310 2127 opes
327 2058 430 2112 fractae
450 2059 590 2126 Teucrum,
608 2062 637 2112 et
655 2058 778 2111 Fortuna
794 2057 914 2124 recessit,

119 2135 174 2188 Res
193 2137 423 2203 Agamemnonias
441 2137 615 2204 victriciaque
633 2152 709 2189 arma
726 2137 841 2202 secutus,

118 2211 172 2264 Fas
184 2227 263 2264 omne
275 2211 426 2281 abrumpit3
440 2213 604 2281 Polydorum
616 2213 768 2279 obtruncat,
781 2215 810 2265 et
822 2227 887 2264 auro
948 2225 972 2264 ss

119 2288 154 2340 Vi
172 2289 284 2356 potitur.
320 2290 391 2353 Quid
410 2307 463 2342 non
482 2291 607 2344 mortalia
625 2293 736 2358 pectora
753 2287 834 2354 cogis,

119 2365 188 2417 Auri
207 2381 284 2418 sacra
301 2367 403 2420 fanresl
443 2367 592 2434 Postquam
611 2383 696 2434 pavor
712 2381 773 2417 ossa
791 2363 910 2432 reliquit,

119 2441 244 2494 Deiectus
259 2443 354 2511 populi
373 2443 408 2495 ad
425 2459 553 2511 proceres
571 2443 743 2510 primumque
761 2446 903 2508 parentem

118 2517 243 2571 Monstra
261 2518 342 2571 deum
360 2520 455 2583 refero,
473 2523 509 2586 et,
528 2535 598 2588 quae
616 2519 652 2571 sit
671 2517 812 2582 sententia,
832 2532 919 2584 posco.

118 2593 250 2647 Omnibus
267 2595 340 2648 idem
360 2595 473 2661 animus,
492 2597 625 2648 scelerata
644 2593 777 2647 excedere
796 2602 879 2660 terra,
948 2607 972 2648 oo

119 2669 216 2739 Linqui
235 2671 368 2739 pollutum
388 2671 543 2740 hospitium,
563 2674 592 2725 et
611 2671 677 2724 dare
695 2669 827 2724 classibus
845 2672 960 2724 austros

118 2746 191 2814 Ergo
208 2748 391 2800 instauramus
412 2748 546 2816 Polydoro
564 2749 658 2801 funus:
678 2752 707 2800 et
724 2747 819 2814 ingens

118 2825 270 2891 Aggeritur
287 2825 391 2878 tumulo
410 2825 508 2890 tellus;
527 2828 602 2879 stant
621 2823 748 2877 Manibus
766 2839 838 2890 arae,

119 2899 255 2954 Caeruleis
274 2905 394 2954 maestae
412 2902 488 2955 vittis
506 2905 620 2970 atraque
639 2915 773 2970 cupresso,

117 2975 155 3030 Ilt
171 2979 271 3030 circum
292 2978 393 3032 Iliades
411 2979 513 3032 crinem
532 2977 567 3032 de
586 2995 660 3031 more
679 2977 797 3039 solutae3
948 2991 972 3028 os

119 3053 264 3108 Inferimus
282 3055 377 3123 tepido
395 3056 550 3124 spumantia
567 3053 672 3126 cymbia
690 3053 760 3107 lacte

118 3130 260 3197 Saenianis
278 3133 307 3185 et
325 3132 392 3185 sacri
411 3136 528 3201 pateras,
546 3133 717 3198 animamque
736 3127 877 3200 sepulchro

118 3205 273 3275 Oondlmus,
292 3210 322 3262 et
340 3224 438 3277 magna
456 3225 612 3278 supremum
632 3223 695 3261 voco
713 3207 820 3260 ciemus.
