2274 3554
407 140 590 189 AENEIDOS
608 141 677 190 LIB.
698 141 750 190 III.
961 140 1007 190 133

156 223 240 292 Signa
257 223 307 278 tibi
325 223 430 288 dieam;
449 226 481 276 tu
498 221 609 276 condita
627 225 719 276 mente
737 225 847 278 teneto:

155 300 223 354 Cum
241 299 291 353 tibi
310 299 426 353 sollicito
443 298 543 353 secreti
560 299 597 353 ad
615 298 734 352 fluminis
750 297 853 352 undam

153 375 270 430 litoreis
288 376 385 443 ingens
402 376 514 429 inventa
532 375 583 428 sub
601 375 707 429 ilicibus
726 391 771 428 sus
973 390 1009 432 seo

154 452 279 520 Triginta
296 451 417 520 capitum
434 452 508 505 fetus
526 452 607 505 enixa
623 451 732 518 iacebit,

154 528 236 596 Alba,
256 528 314 582 solo
332 526 472 594 recubans,
491 528 547 582 albi
565 528 667 582 circum
684 527 770 581 ubera
787 528 853 594 nati,

154 606 183 659 Is
201 605 275 659 locus
292 604 370 658 urbis
388 604 449 672 erit,
467 604 577 672 requies
595 621 627 657 ea
644 607 722 657 certa
738 603 869 658 laborum.

153 682 179 734 N
181 699 212 736 ec
230 686 261 736 tu
279 698 434 735 mensarum
453 697 559 734 morsus
576 680 705 734 horresce
722 681 841 734 futuros:

152 757 223 812 Fata
241 759 313 812 viam
332 758 472 811 invenient
489 756 637 826 aderitque
653 760 766 810 vocatus
784 757 891 825 Apollo
975 771 1010 810 aas

153 834 213 888 Has
232 838 325 888 autem
343 838 442 900 terras,
463 833 583 901 Italique
600 833 671 886 hane
688 833 777 886 litoris
795 849 877 900 oram,

153 910 290 964 Proxuma
308 909 484 979 quaenostri
502 909 677 978 perfunditur
695 909 820 977 aequoris
837 912 922 973 aestu,

153 987 264 1056 Effuge;
282 990 380 1040 cuncta
398 987 478 1040 malis
496 986 658 1039 habitantur
675 985 783 1039 moenia
801 985 897 1038 Graiis.

153 1064 207 1116 llic
225 1067 254 1116 et
272 1063 382 1130 Narycii
400 1066 552 1130 posuerunt
570 1061 678 1115 moenia
696 1061 782 1126 Locri,

63 1135 70 1150 ⁸
152 1141 189 1194 Et
208 1139 370 1193 Sallentinos
389 1138 498 1192 obsedit
516 1138 605 1191 milite
622 1155 732 1205 campos
974 1150 1010 1191 too

153 1216 262 1284 Lyctius
282 1215 462 1279 Idomeneus;
482 1214 527 1268 hic
544 1213 591 1267 illa
609 1214 684 1268 ducis
703 1214 830 1268 Meliboei

154 1291 242 1344 Parva
263 1291 432 1346 Philoctetae
450 1290 567 1344 subnixa
586 1290 692 1344 Petelia
709 1307 794 1344 muro.

153 1369 232 1435 Quin,
250 1367 297 1420 ubi
316 1368 491 1422 transmissae
510 1367 641 1422 steterint
658 1370 735 1420 trans
752 1382 872 1435 aequora
890 1371 989 1422 classes

153 1444 189 1498 Et
207 1444 302 1513 positis
321 1444 376 1497 aris
393 1444 448 1498 iam
466 1448 531 1498 vota
548 1445 577 1498 in
595 1444 676 1498 litore
694 1444 789 1511 solves,

154 1519 295 1588 Purpureo
313 1521 404 1574 velare
422 1537 512 1574 comas
530 1521 680 1589 adopertus
698 1520 807 1588 amictu,
975 1535 1010 1576 sos

153 1597 178 1649 N
181 1613 196 1649 e
215 1613 269 1664 qua
287 1595 361 1649 intcr
379 1601 488 1651 sanctos
505 1598 577 1665 ignis
595 1598 623 1650 in
642 1596 744 1650 honore
762 1596 876 1651 deorum

154 1672 269 1726 Hostilio
288 1673 371 1726 iacies
389 1678 514 1727 occurrat
531 1677 561 1728 ct
578 1674 670 1727 omina
686 1673 790 1727 turbet.
848 1689 853 1698 ·

154 1749 236 1802 Hunc
254 1749 319 1802 socii
338 1766 442 1803 morem
460 1766 606 1816 sacrorum,
626 1749 698 1802 hunc
715 1749 774 1817 ipso
793 1753 899 1802 teneto:

155 1825 215 1878 Hac
233 1825 301 1878 casti
319 1829 448 1878 maneant
465 1827 493 1878 in
511 1827 642 1892 religione
659 1829 781 1893 nepotes

154 1903 209 1955 Ast
226 1901 274 1954 nbi
293 1901 447 1968 digressum
467 1901 572 1954 Siculae
590 1905 620 1954 te
638 1900 791 1954 admoverit
808 1917 872 1955 orac
975 1917 1010 1957 41⁰

156 1979 262 2030 Ventus
281 1981 310 2030 et
327 1977 436 2043 angusti
455 1980 595 2029 rarescent
612 1976 731 2029 claustro
750 1976 847 2041 Pelori,

155 2053 245 2106 Laeva
263 2051 312 2104 tibi
332 2052 414 2104 tellus
433 2057 461 2104 ct
479 2051 560 2118 longo
578 2052 654 2104 laeva
671 2054 801 2119 petantur

156 2131 286 2196 Aequora
303 2127 435 2193 circuitu;
454 2128 583 2180 dextrum
601 2127 666 2194 iugc
684 2127 749 2179 litus
767 2131 796 2181 et
814 2132 907 2183 undas.

157 2205 233 2258 Haec
250 2203 309 2257 loca
327 2203 353 2256 vi
372 2204 510 2272 quondam
529 2208 558 2257 et
575 2207 653 2256 rasta
671 2203 796 2256 convolsa
813 2205 926 2256 ruins-

156 2282 271 2335 Tantum
290 2281 349 2334 aevi
368 2280 515 2350 longinqua
532 2280 606 2334 valet
624 2283 732 2334 mutare
750 2284 907 2334 vetustas-
976 2296 1012 2336 415

156 2358 312 2411 Dissiluisse
331 2358 430 2426 ferunt,
449 2374 511 2412 cum
528 2357 654 2426 protinus
672 2360 789 2425 utraque
807 2357 888 2411 tellns

157 2435 219 2489 Una
236 2435 322 2500 lorot3
341 2436 416 2489 venit
434 2434 525 2488 medio
544 2435 570 2487 vi
588 2438 689 2503 pontus
707 2437 737 2488 et
754 2433 835 2488 undis

158 2512 322 2580 Hesperium
342 2513 432 2566 Siculo
450 2512 523 2566 latus
542 2511 667 2577 abscidit,
686 2528 805 2580 arvaque
824 2514 853 2564 ct
870 2512 952 2565 urbes

157 2589 250 2642 Litore
269 2589 395 2643 diductas
414 2594 530 2658 angusto
548 2588 674 2643 interluit
692 2593 777 2642 aestu.

158 2665 294 2718 Dextrum
313 2666 402 2733 Scylla
419 2667 499 2733 latus,
518 2667 624 2720 laevum
643 2665 779 2733 inplacata
797 2664 948 2733 Charybdis
977 2679 1013 2718 sao

159 2739 283 2804 Obsidet,
302 2745 385 2807 atquc
403 2742 459 2794 imo
476 2743 600 2796 barathri
619 2747 663 2795 ter
680 2742 790 2810 gurgite
808 2745 900 2793 vastos

160 2815 258 2869 Sorbet
275 2816 303 2868 in
322 2817 469 2886 abruptum
488 2819 592 2882 fluctus,
611 2835 760 2887 rursusque
779 2815 829 2869 sub
848 2830 928 2867 auras

160 2891 248 2959 Erigit
266 2892 386 2946 alternos
405 2899 433 2947 et
452 2894 542 2948 sidera
561 2895 689 2949 verberat
707 2895 786 2947 unda.

160 2969 202 3022 At
219 2969 333 3036 Scyllam
352 2971 439 3024 caecis
457 2971 566 3024 cohibet
585 2972 711 3040 spelunca
729 2969 848 3036 latebris,

161 3044 217 3098 Ora
235 3049 420 3100 exsertantem
440 3051 468 3100 ct
487 3048 562 3100 navis
580 3048 607 3099 in
627 3065 693 3101 saxa
710 3045 872 3099 trahentem.
979 3057 1014 3098 ire

162 3121 254 3174 Prima
270 3121 384 3175 hominis
402 3124 484 3176 facies
503 3128 532 3178 ot
549 3123 661 3192 pulchro
679 3126 791 3191 pectore
808 3122 884 3189 virgo

161 3195 238 3251 Pube
256 3201 344 3266 tenus,
362 3203 500 3270 postrema
517 3199 619 3255 inmani
638 3216 751 3269 corpore
768 3198 868 3268 pristis,
