2234 3554
115 114 163 162 ale
347 113 376 161 P.
396 112 548 162 VERGILI
566 114 731 162 MARONIS

116 192 244 260 Classem,
263 208 333 260 quae
351 192 431 247 lateri
450 197 602 247 castrorum
620 194 751 248 adiuncta
767 193 880 264 latebat,

116 268 272 336 Aggeribus
291 273 412 336 saeptam
431 270 532 322 circum
550 273 580 324 et
597 269 752 324 fluvialibus
769 271 857 340 undis,
944 303 969 344 70

116 343 233 410 Invadit
252 345 391 413 sociosque
409 346 535 399 incendia
552 347 641 414 poscit
659 348 772 414 ovantia,

115 421 210 490 Atque
228 439 336 474 manum
354 423 420 489 pinu
438 422 563 490 flagranti
582 423 705 476 fervidus
723 423 815 491 inplet.

114 497 183 550 Tum
201 515 265 551 vero
283 498 457 562 incumbunt;
476 503 577 566 urguet
594 499 751 567 praesentia
769 500 867 565 Turni3

116 575 211 642 Atque
229 575 316 628 omnis
334 574 439 628 facibus
457 574 543 642 pubes
561 575 714 642 accingitur
731 576 806 629 atris.

115 649 260 718 Diripuere
278 651 364 716 locos;
382 651 489 719 piceum
507 651 562 704 fert
579 651 684 704 fumida
701 651 794 706 lumen
942 665 968 707 71

114 725 206 780 'laeda
223 731 252 781 et
270 727 444 780 commixtam
463 727 601 780 Volcanus
618 727 654 780 ad
671 731 747 782 astra
764 727 892 781 favillam.

149 803 216 868 eris
234 804 308 868 deus,
327 821 344 856 o
362 804 466 871 Musae,
483 806 541 857 tam
559 820 639 856 saeva
657 803 784 857 incendia
802 804 912 858 Teucris

115 879 241 934 Avertit?
259 883 350 934 tantos
367 880 474 932 ratibus
492 879 554 948 quis
572 879 678 947 depulit
695 879 782 948 igniet

115 955 211 1009 Dicite.
247 955 340 1008 Prisca
357 955 427 1009 fides
444 956 525 1022 facto,
544 955 593 1008 sed
610 955 684 1008 lama
701 957 835 1023 perennis.

114 1030 246 1100 Tempore
263 1049 318 1101 quo
335 1032 454 1101 primum
474 1031 590 1099 Phrygia
608 1031 744 1086 formabat
761 1033 789 1085 in
810 1032 861 1086 Ida
938 1047 964 1085 so

116 1109 223 1161 Aeneas
240 1109 360 1175 classem,
379 1111 408 1162 et
426 1108 516 1176 pelagi
533 1111 629 1175 petere
647 1109 704 1161 alta
721 1108 844 1177 parabat,

116 1182 180 1252 Ipsa
198 1183 279 1238 deum
296 1185 384 1238 fertur
401 1185 527 1252 genetrix
548 1184 709 1252 Berecyntia
726 1201 855 1253 magnum

115 1259 234 1314 Vocibus
252 1261 293 1314 his
311 1261 404 1314 adfata
423 1261 533 1314 Iouem:
554 1260 603 1325 Da,
621 1263 692 1327 nate,
711 1261 824 1329 petenti,

115 1336 194 1402 Quod
210 1341 259 1391 tua
276 1354 339 1390 eara
357 1353 455 1404 parens
473 1337 577 1390 domito
595 1340 624 1390 te
641 1339 730 1406 poscit
748 1336 870 1406 Olympo.

117 1413 198 1467 Pinea
216 1414 283 1466 silva
299 1413 374 1478 mihi,
394 1413 494 1466 multos
512 1412 613 1466 dilecta
630 1430 681 1482 per
698 1429 798 1479 annos;
938 1427 964 1466 ss

116 1487 203 1542 Lucus
220 1489 247 1541 in
266 1505 328 1542 arce
345 1489 398 1542 fnit
416 1505 529 1555 summa,
547 1505 601 1556 quo
619 1506 697 1543 sacra
714 1489 847 1558 ferebant,

114 1563 240 1631 Nigranti
257 1566 333 1632 picea
351 1563 531 1632 trabibusque
549 1564 680 1618 obscurus
698 1566 817 1620 acernis:

115 1639 173 1691 Has
191 1655 242 1706 ego
261 1639 398 1692 Dardanio
417 1640 514 1707 iuveni,
533 1657 595 1693 cum
614 1641 708 1695 elassis
726 1646 827 1710 egeret,

114 1715 200 1768 Laeta
217 1715 296 1780 dedi;
314 1732 385 1769 nunc
403 1716 546 1770 sollicitam
563 1717 647 1770 timor
663 1718 758 1771 anxius
776 1719 858 1786 angit

114 1791 193 1845 Solve
204 1797 301 1859 metus,
308 1795 392 1861 atque
403 1792 454 1846 hoc
465 1793 592 1861 precibus
600 1793 659 1846 sine
671 1810 750 1860 posse
760 1798 910 1862 parentem,
939 1809 965 1847 oo

115 1867 175 1920 Neu
192 1884 273 1922 cursu
290 1873 434 1937 quassatae
452 1869 507 1922 ullo
525 1886 578 1921 neu
596 1869 707 1923 turbiue
724 1869 800 1924 venti

115 1943 281 2010 Vineantur;
299 1945 387 2014 prosit
404 1946 505 1999 nostris
522 1947 550 1998 in
568 1945 707 2000 montibus
726 1949 807 2000 ortas.

115 2019 200 2073 Filius
217 2020 281 2076 huic
297 2025 399 2089 contra,
418 2025 531 2090 torquet
548 2022 595 2090 qui
614 2021 706 2075 sidera
723 2022 833 2076 mundi:

68 2095 72 2107 ”
114 2095 137 2148 Ο
154 2098 288 2165 genetrix,
307 2115 362 2167 quo
379 2099 437 2152 lata
455 2099 551 2152 voeasl
569 2101 618 2150 aut
636 2097 704 2166 quid
721 2099 794 2167 petis
812 2097 889 2154 istisl

113 2171 258 2227 Mortaline
276 2175 463 2228 manufactae
481 2174 625 2228 inmortale
643 2175 750 2228 carinae
939 2189 965 2228 os

114 2247 168 2300 Fas
185 2245 320 2304 habeantl
337 2255 485 2318 certusque
503 2251 608 2304 incerta
626 2251 746 2319 pericula
763 2251 864 2306 lustret

114 2327 240 2378 Aeneasl
259 2327 302 2379 cni
320 2329 398 2379 tanta
416 2327 468 2380 deo
486 2327 619 2394 permissa
636 2329 777 2394 potestasl

114 2399 209 2461 Immo,
228 2399 275 2453 nbi
295 2401 440 2454 deiunctae
458 2402 540 2455 finem
558 2407 709 2471 portusque
727 2402 860 2457 tenebunt

114 2475 250 2529 Ausonios
268 2477 340 2542 olim,
360 2493 548 2545 quaecumque
567 2480 685 2532 eraserit
702 2479 784 2532 undis

113 2553 337 2620 Dardaniumque
355 2552 450 2606 ducem
472 2553 621 2608 Laurentia
637 2555 744 2608 vexerit
761 2571 832 2620 arva,
928 2569 965 2607 roo

112 2629 259 2682 Mortalem
279 2629 392 2698 eripiam
409 2629 532 2695 formam,
550 2631 697 2699 magnique
714 2630 814 2684 iubebo
886 2669 903 2696 g

113 2705 250 2774 Aequoris
269 2721 328 2760 esse
347 2705 420 2773 deas,
439 2705 528 2774 qualis
546 2706 647 2759 Nereia
665 2707 737 2760 Doto

114 2781 149 2834 Et
168 2781 284 2834 Galatea
301 2785 394 2834 secant
412 2785 583 2849 spumantem
602 2786 713 2850 pectore
730 2787 869 2852 pontum..

114 2856 236 2923 Dixerat,
254 2857 338 2924 idque
356 2860 446 2910 ratum
466 2857 553 2924 Stygii
571 2873 621 2925 per
639 2858 750 2911 flumina.
767 2857 867 2926 fratris,

113 2931 168 2984 Per
185 2932 245 3000 pice
264 2932 395 2986 torrentis
414 2936 529 2998 atraque
546 2933 675 2999 voragine
694 2934 767 3001 ripas
930 2946 967 2986 ιω

115 3007 229 3072 Adnuit,
248 3011 276 3060 et
294 3011 383 3060 totum
402 3013 470 3059 nutu
489 3008 643 3060 tremefecit
662 3007 814 3076 Olympum.

148 3081 221 3148 Ergo
239 3083 336 3136 aderat
355 3081 489 3149 promissa
507 3081 574 3148 dies,
593 3087 622 3135 et
641 3087 764 3150 tempora
784 3083 885 3136 Pareae

125 3153 214 3210 *bita
231 3158 403 3226 conplerent:
422 3173 483 3210 cum
502 3156 585 3208 Turni
601 3157 699 3209 iniuria
718 3157 836 3210 Matrem
