2232 3556
392 158 576 207 Anuninos
594 159 660 206 nis.
680 159 746 208 xu.
959 161 1004 210 su
1108 125 1109 140 ¹

157 242 256 295 oblato
275 239 398 308 gaudens
416 239 531 308 conponi
548 241 660 293 foedere
678 240 786 294 bellum.

156 319 225 371 'Pum
242 317 329 388 socios
347 317 500 384 maestique
518 319 623 369 metum
641 317 744 369 solatur
763 317 826 385 Iuli,
971 333 1007 371 110

157 395 226 448 Fata
244 393 352 457 docens,
371 392 484 460 regique
502 391 579 446 iubet
597 409 726 461 responsa
745 393 844 447 Latino

157 471 242 524 Uerta
259 469 363 522 referre
380 469 461 536 virae,
480 472 509 522 et
526 464 600 537 pacis
618 469 710 522 dicere
728 470 810 538 leges.

193 547 308 600 Postera
325 546 371 623 vix
390 563 510 600 summos
528 547 676 615 spargebat
693 547 795 601 lumine
813 547 914 602 montis

158 623 228 676 (lita
244 623 311 690 dies,
328 623 526 691 cumprimum
545 624 601 676 alto
619 641 649 676 se
667 624 777 691 gurgite
794 624 894 678 tollunt

158 700 227 753 Solis
246 700 317 768 equi,
336 699 479 767 lucemque
497 699 575 753 elatis
592 699 705 753 naribus
724 700 823 766 efflant,
970 715 1006 753 us

158 776 289 845 Campum
307 776 344 829 ad
361 777 500 829 certamen
517 793 632 843 magnae
650 776 701 829 sub
719 776 861 829 moenibus
879 775 956 829 urbis

158 853 280 906 Dimensi
299 853 451 920 Rutulique
469 852 526 905 viri
539 853 690 920 Teucrique
708 852 849 921 parabant,

160 929 192 982 ln
210 929 355 997 medioque
373 929 446 981 focos
465 928 554 986 etdis
573 929 760 982 communibus
778 945 839 982 aras

158 1005 324 1058 Gramineas.
361 1004 417 1058 Alii
435 1005 593 1073 fontemque
611 1005 758 1072 ignemque
774 1005 908 1070 serebant,

158 1081 250 1135 Veluti
268 1082 340 1147 limo,
359 1085 388 1134 et
405 1080 524 1134 verbena
542 1084 667 1149 tempora
685 1082 776 1136 vincti.
971 1095 1007 1133 luo

159 1157 287 1211 Procedit
304 1158 377 1226 legio
396 1157 574 1220 Ausonidum,
592 1157 732 1226 pilataque
751 1157 839 1226 plenis
937 1211 944 1220 ,

159 1235 277 1300 Agmina
294 1251 324 1287 se
341 1234 464 1286 fundunt
478 1234 574 1302 portis.
612 1233 685 1286 Hinc
704 1233 800 1286 'P'roius
818 1232 905 1286 omnis

160 1309 367 1378 Tyrrhenusque
385 1311 441 1363 ruit
459 1309 542 1362 variis
560 1309 696 1363 exercitus
715 1310 805 1376 amnia,

161 1384 244 1437 Haud
261 1401 339 1438 secus
356 1385 483 1439 instructi
502 1385 582 1448 ferro,
601 1401 682 1453 quam
701 1386 723 1438 si
742 1403 838 1454 aspera
856 1385 955 1438 Martis

160 1461 255 1529 Pugna
272 1466 357 1516 vocet.
393 1463 419 1514 N
421 1479 452 1516 ec
470 1479 523 1516 non
541 1463 686 1516 mediisin
704 1463 814 1515 milibus
831 1462 883 1530 ipsi
971 1476 1006 1514 125

160 1537 293 1592 Ductores
312 1555 383 1592 auro
395 1539 510 1593 volitant
528 1543 658 1607 ostroque
677 1539 795 1608 superbi,

159 1615 194 1668 Et
212 1632 298 1682 genus
317 1616 444 1669 Assaraci
463 1616 630 1684 Mnestheus,
648 1619 678 1670 et
694 1617 773 1670 fortis
792 1615 892 1682 Asilas,

158 1691 194 1744 Et
212 1692 354 1760 Messapus
373 1709 474 1760 equum
492 1692 618 1760 domitor,
637 1692 776 1761 Neptunia
793 1691 890 1761 proles.

158 1767 253 1834 thue
272 1768 336 1820 dato
355 1769 432 1836 signo
451 1768 539 1835 spatia
556 1769 585 1820 in
603 1785 652 1820 sua
671 1769 786 1836 quisque
804 1767 924 1835 recessit,

159 1843 290 1910 Defigunt
307 1844 400 1896 telluri
418 1843 512 1894 hastas
529 1847 558 1895 et
576 1846 654 1895 scuta
671 1843 812 1896 reclinant.
967 1855 1003 1896 1³o

159 1918 227 1968 Tum
246 1917 338 1970 studio
357 1917 458 1969 effusae
477 1920 579 1968 matres
598 1921 627 1969 et
644 1917 739 1984 volgus
757 1917 891 1970 inermum

161 1991 333 2059 invalidique
351 2006 429 2044 senes
447 1991 532 2044 turris
550 1995 579 2044 et
596 1995 671 2044 tecta
689 1993 830 2045 domorum

160 2066 308 2132 Obsedere,
327 2065 373 2119 alii
391 2065 479 2134 portis
498 2065 660 2120 sublimibus
678 2068 796 2120 adstant.

194 2146 236 2196 At
255 2143 325 2195 luno
343 2159 359 2195 e
378 2157 490 2208 summo,
510 2142 557 2210 qui
574 2159 646 2195 nunc
665 2143 789 2196 Albanus
807 2143 967 2212 habetur,-

159 2220 228 2273 Tum
239 2235 328 2286 neque
341 2235 445 2272 nomen*
453 2221 514 2272 erat
525 2235 575 2272 nec
587 2218 672 2272 honos
685 2223 733 2272 aut
745 2219 832 2287 gloria
843 2221 964 2273 monti-

160 2295 331 2364 Prospiciens
342 2295 448 2349 tumulo
461 2311 585 2363 campum
598 2294 758 2364 aspectabat
771 2299 799 2348 et
812 2294 905 2348 ambas
972 2311 1008 2350 iso

160 2372 328 2426 Laurentum
347 2373 503 2440 Troumque
520 2372 591 2425 acies
609 2373 760 2441 urbemque
779 2371 879 2426 Latini.

161 2448 304 2517 Extemplo
323 2449 407 2502 Turni
425 2448 464 2502 sie
482 2451 525 2501 est
543 2449 636 2501 adfata
655 2465 781 2517 sororem,

160 2525 228 2577 Diva
246 2523 332 2591 deam,
352 2525 456 2593 stagnis
474 2541 545 2592 quae
563 2525 776 2592 fluminibusque
794 2525 899 2579 sonoris

159 2600 317 2665 Praesidet3
334 2601 405 2655 hunc
423 2601 463 2654 illi
481 2618 530 2654 rex
549 2601 669 2654 aetheris
687 2601 759 2654 altus
777 2601 907 2654 bonorem
972 2617 1008 2655 iso

159 2676 286 2745 Iuppiter
302 2681 398 2746 erepta
414 2693 465 2745 pro
482 2678 640 2746 virginitate
660 2678 787 2732 sacravit:
829 2671 835 2682 ’

158 2753 292 2822 Nympha,
311 2753 394 2806 decus
412 2753 562 2820 fluviorum,
581 2754 671 2807 animo
689 2753 845 2822 gratissima
861 2757 963 2822 nostro,

159 2828 271 2893 Sciant
288 2833 318 2884 te
335 2830 440 2884 cunetis
457 2847 546 2897 unam,
565 2845 753 2899 quaecumque
772 2830 886 2884 Latinae

159 2904 325 2972 Magnanimi
344 2905 416 2958 lovis
434 2906 571 2973 ingratum
589 2906 735 2960 ascendere
753 2906 849 2973 cubile,

157 2980 347 3049 Praetulerim,
366 2981 489 3050 caelique
507 2982 595 3035 libens
612 2983 640 3034 in
658 2985 738 3050 parte
756 2982 879 3037 locatim:
970 2995 1006 3036 14⁵

158 3055 240 3110 Disce
257 3061 344 3126 tuum,
362 3075 396 3112 ne
414 3075 458 3112 me
475 3059 589 3126 incuses,
609 3059 731 3126 Intmna,
750 3058 879 3114 dolorem.

158 3133 219 3198 Qua
235 3133 294 3187 visa
311 3137 355 3188 est
372 3134 483 3189 fortuna
500 3135 559 3205 pati
578 3135 734 3204 Parcaeque
751 3134 879 3190 sinebant

159 3209 263 3267 Cedere
279 3226 326 3266 res
344 3211 430 3280 Latio,
450 3212 569 3266 Turnum
589 3216 617 3266 et
634 3215 683 3265 tua
700 3211 808 3266 moenia
825 3212 898 3266 texi:
