2232 3556
376 172 562 224 ARNRIDOS
584 174 653 226 LIB.
676 175 726 225 IX.
941 179 986 232 255

131 251 186 308 Sed
203 273 332 326 magnum
350 262 476 313 metuens
495 274 524 311 se
541 261 604 326 post
622 261 728 313 cratera
745 259 871 328 tegebat:

131 329 246 386 Pectore
264 334 292 385 in
311 336 425 388 adverso
443 338 532 387 totum
551 335 594 387 cui
613 335 762 389 comminus
781 353 873 391 ensem

130 407 261 462 Condidit
277 409 447 478 adsurgenti,
466 414 494 463 et
513 411 599 464 multa
617 415 705 465 morte
724 413 834 481 recepit.

132 483 298 552 Purpuream
314 489 400 542 vomit
417 487 463 540 ille
482 488 607 555 animam,
620 492 649 541 et
667 505 727 542 cum
747 490 875 557 sanguine
893 491 981 546 nrixta

130 560 202 614 Vina
220 563 307 617 refert
325 566 457 628 inoriens;
479 563 523 616 hic
541 564 615 617 furto
632 565 753 618 fervidus
772 566 862 619 instat.
944 583 980 621 555

130 635 244 708 Iamque
262 640 299 692 ad
317 641 436 710 Messapi
455 641 541 692 socios
558 641 706 705 tendebat;
729 641 767 694 ibi
786 642 875 710 ignem

129 712 255 769 Deficere
273 720 426 769 extremum
446 720 475 770 et
492 716 622 783 religatos
641 717 694 770 rite
712 717 825 772 videbat

128 788 249 859 Carpere
266 809 379 860 gramm
398 809 496 862 equos:
516 791 640 846 breviter
658 811 719 847 curn
738 795 803 848 talia
821 795 846 847 N
849 795 942 849 isus-

127 866 219 922 Sensit
237 870 309 922 enim
327 870 411 922 nimia
428 869 512 923 caede
531 873 615 937 atque
633 871 760 940 cupidine
778 872 880 925 ferri-

127 942 310 1012 AbsistarnuS,
330 945 384 1010 ait3
409 962 472 998 nam
491 945 538 998 lux
556 945 666 998 inimica
684 947 860 1016 propinquat
942 964 979 1003 355

128 1019 280 1073 Poenarum
299 1021 464 1075 exhaustam
483 1022 551 1074 satis
569 1025 626 1086 est;
653 1022 697 1074 via
714 1023 786 1076 facta
803 1041 854 1092 per
871 1023 967 1079 bostis.

126 1094 215 1149 Multa
234 1097 322 1149 virum
341 1098 428 1150 solido
446 1101 559 1164 argento
577 1098 699 1165 perfecta
717 1098 876 1166 relinquunt

77 1235 81 1240 Ι
127 1173 268 1241 Armaque
287 1177 462 1241 crateresque
480 1173 559 1225 simul
578 1173 759 1242 pulchrosque
777 1178 892 1243 tapetas.

127 1246 260 1316 Euryalus
278 1249 404 1318 phaleras
423 1249 585 1302 Rhamnetis
604 1253 632 1302 et
651 1266 734 1302 aurea
751 1249 833 1304 bullis

127 1322 248 1392 Cingula,
266 1326 373 1380 Tiburti
392 1325 508 1379 Remulo
527 1325 679 1378 ditissimus
698 1326 761 1378 olim
942 1342 979 1382 mo

127 1398 202 1463 Quae
221 1401 307 1455 mittit
326 1403 404 1468 dona,
423 1401 541 1470 bospitio
560 1419 621 1454 cum
640 1402 767 1470 iungeret
784 1403 890 1470 absens,

126 1474 272 1542 Caedicus;
296 1478 343 1532 ille
361 1495 410 1532 suo
428 1479 546 1530 moriens
565 1478 614 1530 dat
633 1477 735 1531 babere
752 1479 861 1546 nepoti;

85 1606 89 1614 ,
125 1551 192 1607 Post
210 1558 325 1608 mortem
344 1554 416 1608 bello
435 1554 531 1608 Rutuli
549 1571 695 1622 pugnaque
713 1555 808 1623 potiti3

126 1628 202 1682 llaec
220 1631 300 1700 rapit,
320 1635 404 1700 atque
422 1631 543 1683 humeris
561 1631 729 1699 nequiquam
748 1629 865 1684 fortibus
883 1631 968 1698 aptat.

125 1704 193 1758 Tum
211 1707 318 1774 galcam
337 1707 458 1774 Messapi
476 1705 596 1758 habilem
615 1707 759 1774 cristisque
779 1707 905 1760 decoram
940 1719 977 1759 555

125 1780 228 1835 Induit.
265 1783 410 1835 Excedunt
429 1782 532 1844 castris,
551 1785 580 1834 et
598 1785 660 1834 tuta
678 1785 831 1849 capessunt.

159 1857 271 1911 Interea
289 1858 430 1926 praemissi
450 1859 556 1924 equites
575 1873 609 1909 ex
626 1856 695 1909 urbe
714 1857 819 1925 Latina,

124 1932 224 1986 Cetera
242 1933 307 1985 dum
326 1933 398 1998 legio
416 1933 519 1999 campis
537 1932 671 1984 instructa
690 1937 819 1999 moratur,

125 2008 208 2060 lbant
226 2012 255 2060 ct
274 2008 365 2060 Turno
383 2007 442 2073 regi
461 2022 593 2072 responsa
610 2005 745 2072 ferebant,

124 2083 312 2150 Tercentum,
332 2082 432 2135 scutati
450 2097 551 2146 omnes,
571 2081 717 2134 Volscente
736 2081 874 2149 magistro.
940 2098 977 2137 aro

124 2159 239 2226 lamque
257 2156 477 2228 propinquabant
496 2157 601 2222 castris,
619 2173 752 2224 muroque
771 2157 907 2227 subibant,

124 2237 192 2290 Cum
211 2235 304 2303 procul
323 2234 372 2287 hos
391 2233 468 2286 laevo
486 2233 623 2286 flectentis
641 2233 729 2286 limite
747 2237 870 2302 cernunt,

124 2313 160 2365 lit
177 2311 255 2379 galea
274 2310 421 2379 Euryalum
440 2309 572 2362 sublustri
590 2309 678 2362 noetis
695 2309 723 2362 in
741 2310 839 2363 umbra

124 2387 251 2441 Prodidit
268 2387 444 2440 inmemorem
463 2385 602 2453 radiisque
621 2385 736 2440 adversa
754 2387 871 2441 refulsit.

123 2463 207 2517 Haud
231 2467 336 2518 temere
354 2467 398 2517 est
416 2463 514 2516 visum.
551 2461 710 2516 Conclamat
728 2463 763 2516 ab
782 2464 890 2532 agmine
909 2463 974 2518 Vol-

192 2557 283 2595 scens:
937 2555 974 2595 ars

122 2616 208 2683 State,
228 2616 296 2680 viri;
320 2632 391 2684 quae
409 2631 504 2670 caussa
522 2615 599 2668 viae?
623 2616 704 2682 quive
723 2617 789 2668 estis
807 2617 834 2669 in
854 2617 954 2671 armisl

122 2692 217 2756 Quove
234 2692 336 2746 tenetis
353 2693 424 2746 iteri
449 2691 524 2745 Nihil
542 2691 581 2744 illi
600 2691 715 2745 tendere
732 2697 835 2760 eontra,

122 2768 178 2822 Sed
196 2769 317 2822 celerare
334 2768 428 2836 fugem
445 2768 474 2820 in
491 2768 573 2820 silvas
592 2772 621 2821 et
639 2767 725 2820 fidere
743 2769 823 2822 nocti.

122 2843 263 2898 Obiicinnt
281 2845 390 2913 equites
408 2861 468 2897 sese
486 2843 521 2896 ad
540 2843 657 2897 divortia
674 2848 740 2897 nota

123 2921 195 2975 Hinc
203 2925 287 2989 atquc
295 2921 366 2987 hinc,
377 2937 539 2988 omnemque
551 2920 657 2974 abitum
669 2920 783 2973 custode
792 2925 928 2976 coronant.
936 2936 973 2976 sso

122 2999 196 3051 Silva
213 2998 266 3050 fuit
284 2997 339 3050 late
358 2997 448 3049 dumis
467 3001 550 3066 atquc
569 2997 630 3050 ilice
648 2997 727 3065 nigra

123 3073 251 3136 Horrida,
271 3090 352 3142 quam
371 3073 451 3126 densi
470 3073 630 3140 conplorent
648 3074 770 3140 undique
788 3075 895 3143 sentes;

121 3150 195 3204 Rara
213 3166 262 3218 per
280 3149 398 3202 occultos
417 3149 526 3202 lucebat
545 3150 642 3202 semita
660 3149 748 3202 calles.

120 3226 269 3298 Euryalum
287 3224 420 3284 tenebrae
438 3241 575 3279 ramorum
593 3241 762 3296 onerosaque
778 3226 882 3296 praeda
