2232 3556
398 161 580 210 AENEIDOS
597 161 667 211 LIB.
686 161 752 211 XII.
962 164 1007 209 335

158 242 274 310 Occidit,
292 240 479 312 occideritque
497 243 569 296 siuas
587 259 649 297 cum
667 241 775 296 nomine
794 241 881 297 Troia.

158 319 212 373 Olli
229 320 375 374 subridens
393 320 533 373 hominum
552 337 698 388 rerumque
716 323 855 388 repertor:

156 397 194 450 Es
211 414 340 466 germana
359 397 433 450 Iovis
446 397 611 464 Saturnique
629 397 716 450 altera
733 396 835 464 proles:
969 409 1007 450 eso

156 475 265 527 Irarum
283 477 375 528 tantos
394 471 548 528 volvis'sub
566 477 676 542 pectore
695 472 807 526 fluctus!

158 551 260 604 Verum
278 569 328 620 age
347 555 375 606 et
394 552 532 620 inceptum
550 551 654 603 frustra
672 548 804 602 submitte
821 549 955 604 furorem:

156 627 206 694 Do,
225 630 364 697 quodvis,
383 632 411 682 et
429 645 473 681 me
491 628 633 695 victusque
651 626 798 694 volensque
816 626 936 680 remitte.

156 704 313 758 Sermonem
333 705 449 758 Ausonii
467 704 585 772 patrium
605 719 749 770 moresque
767 701 906 767 tenebunt,

155 781 250 850 thue
268 785 427 846 est‚nomen
445 781 514 844 erit;
537 779 677 834 commixti
696 795 808 846 corpore
825 782 934 832 tantum
968 792 1004 832 scs

156 856 303 911 Subsident
322 857 418 910 Teucri
427 873 571 922 3-morem
590 857 715 924 rItusque
733 871 873 908 sacrorum

155 933 492 1002 Adliciam3-faciamque
511 933 598 985 omnis
616 948 669 984 uuo
688 948 735 984 ore
753 931 872 984 Latinos.

155 1008 228 1062 Hinc
245 1026 330 1076 genus
349 1009 471 1063 Ausonio
487 1009 604 1061 mixtum
623 1007 696 1076 quod
716 1007 846 1072 sanguine
864 1008 966 1074 surget,

154 1084 242 1154 Supra
259 1085 389 1152 homines,
403 1102 485 1154 supra
501 1085 543 1139 ire
561 1083 628 1137 deos
645 1084 748 1152 pietate
769 1082 883 1150 videbis,

154 1161 180 1214 N
182 1179 212 1214 ec
229 1178 296 1228 gens
313 1162 369 1214 ulla
385 1165 448 1214 tuos
466 1178 553 1230 aeque
571 1159 721 1214 celebrabit
738 1159 862 1212 honores.
968 1173 1005 1211 ero

154 1237 263 1290 Adnuit
275 1237 318 1289 his
337 1238 415 1304 Iuno,
434 1241 463 1290 et
480 1239 601 1290 mentem
619 1237 722 1290 laetata
739 1236 858 1290 retorsit

155 1313 267 1366 Interea
284 1313 393 1366 excedit
410 1313 491 1379 caelo,
509 1312 665 1381 nubemque
683 1313 822 1380 relinquIt.
919 1351 921 1355 -

189 1388 243 1440 His
260 1388 328 1441 actis
346 1388 420 1440 aliud
439 1389 553 1441 Genitor
572 1405 662 1441 secum
680 1390 740 1456 ipse
758 1387 870 1455 volutat,

77 1489 78 1492 =
155 1463 354 1531 Iuturnamque
371 1467 452 1530 parat
468 1463 562 1516 fratris
580 1464 720 1518 dimittere
738 1464 773 1518 ab
792 1463 882 1516 armis

154 1537 288 1593 Dicuntur
305 1540 430 1607 geminae
447 1543 539 1608 pestes
558 1541 717 1607 cognomine
736 1541 826 1606 Dirae,
966 1553 1003 1592 ecc

153 1614 227 1679 Quas
245 1620 274 1670 et
293 1615 451 1669 Tartaream
470 1615 533 1668 Nox
545 1615 710 1684 intempesta
729 1617 886 1684 Megaeram

151 1691 213 1745 Uno
232 1691 384 1760 eodemque
401 1692 466 1746 tulit
483 1696 571 1760 partu,
589 1692 757 1761 paribusque
774 1692 894 1746 revinxit

151 1767 314 1837 Serpentum
332 1768 420 1836 spiris,
438 1772 619 1836 ventosasque
637 1768 746 1820 addidit
764 1768 836 1822 alas:

151 1845 213 1898 Hae
231 1844 306 1898 Iovis
324 1844 360 1898 ad
379 1845 475 1897 solium
495 1845 622 1908 saevique
641 1842 670 1894 in
687 1842 780 1894 limine
798 1841 871 1908 regis

151 1921 303 1990 Adparent,
321 1924 477 1986 acuuntque
495 1921 599 1969 metum
616 1916 778 1969 mortalibus
796 1918 893 1984 aegris,
964 1935 1001 1974 sao

150 1997 179 2050 Si
197 1999 306 2066 quando
324 1998 411 2050 letum
429 1993 586 2046 horrificum
604 1992 768 2060 morbosque
786 1993 867 2046 deum
886 2011 936 2048 rex

150 2073 270 2142 Molitur,
289 2073 402 2126 meritas
420 2075 469 2124 aut
486 2069 558 2122 bello
575 2069 688 2122 territat
705 2067 795 2122 urbes.

151 2149 257 2202 Harum
275 2166 356 2202 unam
375 2148 491 2202 celerem
509 2145 621 2199 demisit
639 2143 675 2198 ab
693 2144 805 2198 aethere
824 2161 929 2200 summo

149 2225 282 2295 Iuppiter,
300 2225 383 2294 inque
401 2240 480 2277 omen
499 2222 631 2275 Iuturnae
649 2237 791 2274 occurrero
807 2220 894 2274 iussit.

150 2301 201 2354 Illa
218 2302 300 2368 volat,
318 2301 454 2369 celerique
472 2299 508 2352 ad
526 2301 628 2352 terram
646 2296 757 2350 turbine
774 2296 869 2350 fertur.
961 2311 998 2350 ete

149 2377 210 2430 Non
229 2394 313 2445 secus,
331 2395 363 2431 ac
380 2392 464 2430 nervo
481 2391 531 2444 per
548 2373 649 2427 nubem
666 2372 775 2442 inpulsa
792 2373 898 2441 sagitte,

148 2454 291 2506 Armatam
310 2453 382 2507 saevi
403 2451 521 2506 Parthus
539 2467 621 2519 quam
639 2449 703 2503 felle
722 2449 824 2514 veneni,

148 2529 274 2597 Parthus,
294 2531 350 2583 sire
368 2529 468 2598 Cydon,
487 2528 574 2581 tclum
600 2525 798 2593 inmedicabile,
816 2525 903 2588 torsit

146 2605 273 2660 Stridens
291 2609 320 2659 et
338 2606 432 2659 celeris
450 2603 587 2671 incognita
604 2603 724 2657 transilit
741 2600 865 2654 umbras:

146 2682 218 2736 Talis
237 2699 266 2736 se
285 2686 343 2736 sata
361 2682 449 2736 Nocte
467 2681 539 2744 tulit,
558 2683 702 2747 terrasque
719 2677 825 2746 petirit.
959 2693 997 2731 seo

147 2757 294 2827 Postquam
313 2759 384 2810 acies
403 2758 479 2811 videt
498 2756 596 2808 Iliacas
615 2758 699 2823 atque
718 2754 826 2820 agmina
844 2753 934 2821 Turni,

146 2832 230 2887 Alitis
247 2835 276 2886 in
293 2851 393 2902 parvae
411 2833 530 2886 subitam
548 2830 662 2884 collecta
680 2831 803 2896 figuram,

146 2907 221 2972 Quae
240 2911 378 2977 quondam
395 2911 423 2962 in
440 2908 529 2962 bustis
547 2911 595 2959 alit
613 2905 775 2960 culminibus
793 2906 911 2960 desertis

145 2984 233 3038 Nocte
252 2986 351 3040 sedens
369 3003 460 3039 sertim
478 2983 551 3038 canit
568 2983 715 3051 inportuna
732 2999 781 3051 per
799 2981 924 3047 umbrae,

145 3060 226 3114 Hanc
243 3077 322 3114 versa
338 3062 367 3115 in
385 3062 482 3115 faciem
501 3059 584 3112 Turni
603 3076 632 3112 se
650 3061 735 3128 pestis
753 3058 787 3112 ob
806 3076 854 3112 ora
957 3072 992 3111 ecs

133 3136 268 3207 Fertque
285 3138 425 3208 refertque
444 3153 548 3203 sonans,
566 3135 737 3205 clipeumque
756 3135 899 3190 everberat
916 3132 972 3187 alis

143 3215 188 3270 Illi
207 3213 331 3270 membra
347 3232 432 3270 novus
450 3214 530 3268 solet
547 3213 692 3267 formidine
710 3218 812 3282 torpor,
