2274 3554
444 137 626 186 AENEIDOS
644 137 711 186 ΜΒ.
731 137 767 185 11.
977 135 1023 184 105

211 219 299 289 Saepe
316 220 409 288 fugam
429 219 516 274 Danai
535 219 615 273 'l'roie
632 219 742 289 cupiere
759 216 856 272 relicta

176 295 266 348 Moliri
286 300 315 349 et
332 296 412 364 longo
430 296 495 349 fessi
514 295 656 350 discedere
675 294 761 360 bello;

177 370 372 440 Fecisseutrpre
390 373 508 425 utinam!
532 389 614 440 saepe
631 371 692 424 illos
710 387 807 440 aspera
824 370 900 439 penti
991 384 1026 424 11⁰

178 446 336 500 interclusit
355 447 467 514 hiemps,
487 451 516 500 et
534 449 635 500 terruit
655 448 760 501 Auster
777 448 875 501 euntis.

177 522 332 589 Praecipue,
351 539 411 575 cum
430 525 484 576 iam
502 523 546 577 hic
563 523 689 577 trabibus
707 526 851 577 contextus
869 527 974 579 acernis

177 598 269 652 Staret
286 615 381 667 equus,
400 602 459 652 toto
477 604 627 653 senuerunt
645 600 758 654 aethere
776 600 867 654 nimbi.

177 676 306 744 Suspensi
325 675 490 744 Eurypylum
509 677 652 730 scitantem
671 677 780 731 oracula
798 677 902 732 Phoebi

177 752 321 821 Mittimus,
339 752 417 820 isque
435 752 524 823 adytis
542 753 609 807 haec
627 754 720 808 tristia
737 754 811 809 dieta
829 761 965 824 reportet:
991 771 1027 808 115

177 829 332 897 “Sanguine
350 829 477 897 placastis
496 834 591 884 ventos
610 834 639 884 et
656 831 761 899 virgine
778 847 864 900 caesa,

178 907 246 961 Cum
264 906 382 976 primum
402 907 507 976 Iliacas,
527 908 621 976 Danai,
639 909 752 962 venistis
770 909 806 962 ad
824 926 900 976 eras;

178 984 314 1052 Sanguine
332 984 481 1052 quaerendi
499 984 613 1050 reditus,
632 985 776 1053 animaque
793 986 929 1040 litandum

180 1061 327 1128 Argolica.”
365 1059 446 1128 l‘olgi
465 1077 535 1128 quae
552 1077 604 1113 vex
622 1065 654 1114 ut
671 1062 746 1116 venit
764 1061 800 1116 ad
818 1063 897 1126 auris,

178 1136 342 1206 Obstipuere
359 1137 449 1206 animi,
467 1137 631 1206 gelidusque
648 1153 699 1206 per
715 1137 770 1191 ima
788 1138 907 1191 cucurrit
991 1152 1028 1192 lm

178 1213 247 1268 ossa
265 1218 375 1279 tremor,
393 1214 437 1267 cui
454 1214 512 1268 sata
529 1217 634 1282 parent,
653 1229 735 1283 quem
753 1218 847 1283 poscat
865 1214 970 1282 Apollo

178 1288 233 1343 Hic
251 1289 364 1343 ithacus
381 1295 472 1344 ratem
491 1307 589 1359 magne
609 1289 756 1344 Calchanta
773 1291 895 1354 tumultu

179 1364 319 1420 Protrahit
336 1365 364 1420 in
383 1367 503 1432 medies;
524 1385 593 1436 quae
612 1367 668 1420 sint
685 1385 719 1422 ea
736 1368 848 1422 numina
865 1368 964 1435 divom,

178 1441 306 1510 Plagitat.
343 1443 380 1497 m
398 1443 464 1496 mihi
482 1445 536 1498 iam
555 1444 635 1498 multi
653 1444 764 1498 crudele
782 1444 917 1500 canebant

179 1519 302 1573 Artificis
320 1520 415 1588 scelus,
433 1524 463 1575 et
480 1521 558 1574 taciti
576 1526 691 1575 ventura
708 1521 845 1576 videbant.
994 1533 1029 1573 rm
1051 1515 1053 1520 ’

179 1595 227 1650 Bis
245 1596 341 1664 quinos
359 1597 422 1650 silet
439 1596 485 1650 ille
503 1598 570 1664 dies,
589 1603 734 1668 tectusque
752 1602 860 1653 recuset

179 1672 300 1727 Prodere
317 1689 382 1726 voce
400 1690 449 1728 sue
466 1691 631 1744 quemquam
649 1681 697 1730 aut
714 1693 851 1746 opponere
869 1675 958 1728 morti.

179 1749 234 1803 Vix
252 1749 371 1818 tandem,
390 1751 496 1818 anagnis
517 1751 606 1805 Ithaci
625 1751 787 1806 clamoribus
805 1756 890 1818 actus,

179 1826 327 1895 Conposite
345 1827 448 1894 rumpit
466 1843 567 1894 vocem,
586 1832 616 1882 et
634 1845 678 1882 me
696 1828 818 1882 destinat
836 1845 906 1882 arae.

179 1903 337 1957 Adsensere
354 1918 456 1969 omncs,
474 1906 511 1970 et,
530 1920 601 1971 quae
619 1903 671 1956 sibi
690 1905 806 1972 quisquo
824 1903 948 1968 timebat,
994 1915 1030 1955 rae

179 1979 268 2033 Unius
285 1977 314 2030 in
331 1977 425 2030 miseri
443 1979 557 2031 exitium
575 1995 706 2032 conversa
722 1981 817 2034 tulere.

180 2055 295 2120 Iamque
313 2052 373 2106 dies
391 2052 501 2106 infanda
519 2053 631 2119 aderat3
649 2054 717 2106 mihi
735 2072 811 2108 sacra
828 2057 926 2124 parari,

181 2130 217 2183 Et
233 2127 322 2182 salsae
339 2127 439 2196 fmgos,
457 2132 487 2182 et
504 2129 606 2182 circum
624 2133 749 2198 tempora
766 2130 868 2196 vittae;

181 2205 284 2274 Eripuh
303 2205 399 2272 fateor,
416 2205 473 2259 leto
491 2223 543 2272 me,
562 2209 590 2259 et
608 2205 714 2258 vincula
732 2207 801 2275 rupi,

180 2281 345 2350 [limosoque
363 2281 424 2335 lacu
442 2299 491 2350 per
509 2285 617 2336 noctem
636 2281 766 2336 obscurus
783 2282 811 2336 in
829 2283 892 2338 ulva
995 2301 1032 2342 1³⁶

150 2359 152 2364 '
182 2359 294 2429 Delitui,
314 2359 378 2412 dum
398 2359 458 2413 vela
475 2359 583 2426 darent,
602 2359 625 2412 si
642 2359 714 2413 lorte
732 2359 880 2414 dedissent.

181 2437 239 2491 Nec
258 2436 323 2488 mihi
342 2436 394 2489 iam
415 2438 532 2506 patriam
552 2437 691 2506 antiquam
711 2455 773 2506 spes
791 2438 846 2491 ulla
864 2438 982 2507 videndi,

180 2514 206 2566 N
208 2531 239 2567 ec
258 2513 344 2568 dulcis
362 2518 441 2568 nates
460 2518 675 2584 exoptatumque
693 2519 850 2584 perentem;

181 2590 254 2654 Quos
272 2591 311 2644 illi
330 2591 385 2644 sors
404 2596 433 2644 et
452 2609 554 2660 poenas
572 2592 608 2646 ob
627 2595 722 2645 nostra
738 2596 882 2661 reposcent

181 2666 295 2736 Effugia,
313 2672 342 2722 et
360 2667 467 2736 culpam
486 2668 556 2722 hanc
575 2670 733 2722 miserorum
751 2672 840 2721 morte
858 2667 980 2736 piabunt.
997 2679 1033 2718 rm

182 2745 261 2808 Quod
279 2748 308 2800 te
325 2761 376 2814 per
394 2761 507 2815 superes
526 2750 555 2800 et
573 2746 679 2800 conscia
696 2745 808 2798 numina
825 2744 890 2811 veri,

184 2822 242 2890 Per,
255 2822 278 2876 si
292 2826 409 2891 quaest,
423 2839 494 2892 quae
506 2827 593 2876 restet
606 2823 695 2877 adhue
708 2819 869 2874 mortalibus
881 2835 997 2887 usquam

183 2899 353 2953 intemerata
371 2899 449 2967 fides,
468 2916 524 2968 ore,
541 2901 671 2954 miserere
690 2898 813 2951 laborum

182 2977 338 3045 Tantorum,
359 2977 488 3030 miserere
508 2977 590 3029 animi
608 2993 662 3029 non
680 2975 763 3041 digna
781 2973 898 3028 ferentis

217 3051 270 3105 Hie
281 3052 400 3106 lacrimis
411 3054 496 3106 vitem
509 3051 613 3118 damus,
626 3055 655 3104 et
666 3050 865 3103 miserescimus
877 3050 955 3104 ultre.
1000 3060 1035 3103 11⁵

184 3129 248 3197 lpse
265 3129 322 3183 vire
340 3130 444 3198 primns
462 3128 581 3182 manime
598 3133 682 3196 atque
700 3129 761 3179 arta
777 3125 863 3179 levari

185 3205 282 3260 Vincla
298 3205 375 3261 iubet
394 3206 527 3273 Priamus,
545 3204 681 3274 dictisque
699 3202 739 3256 itu
756 3203 830 3256 fatur
848 3203 953 3258 anricis:
