2232 3556
413 147 599 194 assisinos
617 149 685 196 LIB.
705 148 768 197 XII.
964 151 1010 197 323

162 228 278 282 Nomine
297 244 376 280 asum
395 227 522 293 referens,
548 227 636 279 animo
660 227 837 294 manibusque
860 231 1011 296 parentem,

162 306 214 370 Qui
232 304 376 373 quondam,
397 308 487 356 castra
505 307 537 355 ut
555 303 680 355 Danaum
699 305 849 372 speculator
867 304 964 370 adiret,

162 383 253 436 Ausus
273 381 385 433 Pelidae
402 381 521 448 pretium
541 379 593 432 sibi
611 397 722 449 poscere
741 396 853 440 currus;
975 395 1012 434 aaa

162 457 242 510 Illum
262 456 378 524 Tydides
398 457 450 508 alio
468 473 517 526 pro
536 456 637 508 talibus
657 457 729 509 ausis

162 534 272 587 Adfecit
290 535 385 602 pretio,
406 550 456 586 nee
474 535 550 602 cquis
569 534 691 602 adspirat
709 533 831 588 Achillis.

161 611 242 662 Hunc
259 610 352 678 procul
370 613 402 662 ut
421 627 514 678 campo
534 610 640 661 Turnus
658 611 798 678 prospexit
816 614 919 678 aperto,

161 688 234 739 Ante
252 686 305 739 lovi
324 686 412 738 iacrrlo
429 686 539 753 longum
558 685 704 753 perinane
725 690 840 752 secutus,

160 762 238 815 Sistit
257 779 341 830 equos
359 757 459 829 biiugis
478 765 506 814 et
526 778 606 814 curru
625 761 724 826 desilit,
745 764 826 829 atque
975 777 1012 816 ass

159 837 314 909 Semianimi
334 839 464 906 lapsoque
483 839 647 906 supervenit,
666 842 694 891 et
713 837 783 905 pede
802 839 869 890 collo

160 915 293 982 inpresso,
314 914 429 966 dextrae
448 931 603 967 mucronem
623 917 769 982 extorquet
787 919 815 968 ct
833 915 888 967 alto

158 990 319 1058 Fulgentem
338 991 440 1058 tinguit
458 991 559 1058 iugale,
579 994 664 1058 atquo
682 990 749 1044 haec
766 991 878 1059 insuper
896 991 992 1044 addit:

157 1066 206 1134 un,
225 1084 312 1135 agros,
331 1071 366 1134 et,
387 1083 468 1135 quam
487 1067 567 1133 bello,
586 1067 708 1134 Troiane,
725 1067 828 1136 petisti,

158 1143 321 1214 Hesperiam
334 1145 433 1198 metire
445 1145 535 1196 iacens
548 1162 553 1196 :
566 1143 633 1196 haec
644 1143 774 1211 praemia,
788 1144 834 1211 qui
847 1159 890 1196 me
972 1157 1011 1196 sao

131 1280 134 1284 ,
157 1219 243 1274 Ferro
261 1221 319 1274 ausi
337 1224 482 1288 temptare,
501 1220 611 1284 ferunt3
629 1219 666 1272 sic
684 1219 791 1272 moenia
809 1219 938 1274 condunt.

157 1296 229 1351 Huic
247 1297 373 1350 comitem
394 1296 519 1364 Asbyten
538 1296 659 1350 coniecta
678 1296 790 1364 cuspide
809 1297 904 1364 mittit,

158 1373 326 1442 Chloreaque
345 1373 523 1442 Sybarimque
542 1373 701 1440 Daretaque
719 1371 979 1442 Thersilochumque
1084 1427 1090 1436 ,

157 1448 193 1500 llt
212 1449 344 1501 sternacis
363 1449 426 1518 equi
445 1449 551 1518 lapsum
570 1449 674 1502 cervice
694 1448 868 1516 Thymoeten.

157 1525 198 1578 Ao
217 1525 291 1578 velut
311 1525 398 1579 Edoni
417 1525 523 1579 Boreae
541 1524 603 1578 cuin
623 1525 735 1594 spiritns
754 1524 809 1578 alto
869 1591 872 1596 Ι
971 1541 1008 1580 aas

156 1599 269 1654 Insonat
288 1603 407 1669 Aegac0,
427 1601 605 1670 sequiturque
624 1600 659 1653 ad
678 1600 759 1654 litora
777 1600 895 1666 fluctus;

155 1676 213 1742 Qua
231 1679 306 1731 venti
324 1677 479 1745 incubuereg
499 1677 591 1746 fugam
610 1677 677 1730 daut
696 1677 789 1730 nubila
807 1677 895 1742 caelo;

154 1753 198 1807 Sic
216 1755 313 1822 Turno,
333 1771 503 1822 quacumque
522 1754 592 1806 viam
611 1757 692 1819 secat,
711 1755 819 1820 agmina
836 1754 938 1806 cedunt

154 1829 362 1896 Conversaequc
379 1832 463 1880 ruunt
482 1830 570 1892 acies3
587 1829 641 1880 fert
660 1829 780 1895 impetus
798 1829 895 1896 ipsum,

155 1904 190 1956 Et
208 1905 319 1956 cristam
337 1903 452 1954 adverso
472 1919 554 1953 curru
573 1903 663 1967 quatit
681 1919 748 1954 aura
766 1903 910 1957 volantem.
970 1919 1008 1960 aro

154 1978 217 2030 Non
234 1978 299 2030 tulit
317 1977 466 2029 instantem
487 1976 610 2043 Phegeus
629 1976 781 2044 animisque
800 1977 984 2046 frementem

154 2052 262 2106 Obiecit
281 2069 340 2105 sese
359 2051 394 2104 ad
413 2068 529 2117 currum,
549 2055 577 2104 et
596 2053 749 2120 spumantia
766 2053 850 2106 frenis

154 2129 210 2183 Ora
227 2129 373 2182 citatorum
393 2127 491 2180 dextra
510 2127 627 2182 detorsit
646 2145 788 2196 equorum.

154 2205 226 2258 Dum
245 2205 366 2258 trahitur
382 2204 540 2273 pendetque
560 2205 637 2272 iugis,
657 2204 728 2257 hune
746 2204 803 2257 lata
820 2207 954 2258 retectum

154 2282 259 2336 Lancea
278 2283 460 2349 consequitur,
478 2281 638 2348 rumpitque
656 2280 740 2333 infixa
757 2279 865 2334 bilicem
969 2297 1007 2338 ³7⁵

154 2359 283 2426 Loricam,
302 2362 331 2411 et
349 2374 484 2411 summum
503 2357 632 2423 degustat
651 2356 760 2410 volnere
778 2373 883 2426 corpus.

154 2435 204 2488 llle
221 2438 313 2488 tamen
331 2435 417 2502 clipeo
436 2433 542 2486 obiecto
561 2449 706 2486 conversus
724 2433 752 2486 in
770 2433 876 2486 hostem

153 2511 222 2577 Ibat,
241 2515 270 2564 et
287 2511 418 2563 auxilium
437 2510 519 2563 ducto
537 2526 666 2562 mucrone
684 2509 815 2578 petebat;

152 2587 221 2641 (lum
239 2590 300 2640 rota
317 2586 496 2655 praecipitem
515 2590 544 2639 et
561 2603 693 2654 procursu
712 2587 835 2639 concitus
853 2587 913 2640 axis

152 2663 258 2733 Inpulit
275 2662 445 2730 effimditque
464 2662 526 2727 solo,
547 2663 707 2731 Turnusque
726 2665 836 2717 secutus
967 2678 1006 2718 ts>

152 2740 239 2793 Imam
257 2740 330 2792 inter
348 2738 453 2804 galeam
472 2738 569 2790 summi
588 2738 707 2790 thoracis
726 2741 754 2790 ct
773 2754 835 2790 oras

151 2815 275 2869 Abstulit
294 2831 358 2868 ense
378 2817 466 2882 caput,
485 2816 667 2882 truncumque
685 2813 798 2882 reliquit
815 2829 920 2868 arenae.

186 2893 279 2960 Atque
298 2908 330 2944 ea
349 2889 414 2942 dum
433 2889 535 2957 campis
553 2889 640 2944 victor
658 2889 707 2943 dat
726 2890 823 2943 funera
842 2888 956 2955 Turnus,

151 2969 262 3022 Interea
281 2969 394 3022 Aenean
414 2965 575 3019 Mnestheus
593 2969 621 3018 et
640 2965 711 3020 fidus
731 2966 852 3019 Achates

151 3045 339 3112 Ascaniusque
357 3059 447 3098 comes
465 3043 562 3095 castris
580 3045 702 3096 statuere
720 3045 871 3108 cruentum,
966 3057 1004 3098 set

149 3121 280 3174 Altemos
298 3121 378 3188 longa
396 3120 530 3172 nitentem
549 3119 662 3186 cuspide
679 3135 797 3186 grossus,

149 3197 249 3264 Saevit,
267 3199 296 3250 et
313 3196 428 3251 infracta
446 3196 566 3250 luctatur
583 3194 716 3249 arundine
737 3193 822 3251 telum
