2234 3554
139 155 187 200 230
369 148 398 196 P.
417 147 574 195 VERGILI
591 146 758 195 MARONIS

139 230 290 284 'ferrentur
308 228 367 282 visu
383 227 483 296 subito,
501 227 648 296 cunctique
665 227 768 281 relictis

139 307 315 374 Consurgunt
333 306 441 359 mensis.
480 304 582 359 Audax
600 320 667 373 quos
686 321 814 373 rumpere
833 304 923 360 Pallas
958 321 993 361 110

140 383 223 435 Sacra
241 386 324 450 vetat,
343 387 478 450 raptoque
496 381 570 442 uolat
586 380 643 434 telo
659 381 757 434 obvius
775 382 843 451 ipse,

141 459 178 512 Et
195 459 289 528 procul
307 476 322 512 e
340 459 460 512 tumulo:
481 459 605 524 Iuvenes,
624 475 696 526 quae
714 475 809 511 caussa
828 459 938 528 subegit

142 536 253 603 ignotas
271 539 408 603 temptare
426 535 499 588 virui
518 551 572 601 quo
590 534 722 588 tenditis?
740 535 837 602 inquit.

139 612 194 675 Qui
213 613 316 680 genusl
333 611 407 664 unde
424 611 523 664 domol
540 627 671 678 pacemne
683 611 734 664 hue
746 611 833 679 fertis,
850 629 885 666 m
903 613 996 668 armat

138 689 208 742 'luni
226 691 307 757 pater
327 690 437 741 Aeneas
455 689 539 756 puppi
557 688 597 740 sic
615 688 690 741 fatur
707 687 742 741 ab
760 688 823 754 alta,
961 705 997 744 115

141 764 337 832 Paciferaeque
355 781 438 816 manu
455 781 562 817 ramum
581 765 739 832 praetendit
756 765 858 819 olivae:

140 841 308 909 Troiugenas
325 856 357 893 ac
375 840 431 893 tela
448 839 525 894 vides
542 841 651 894 inimica
670 841 784 908 Latinis,

140 917 215 980 Quos
233 917 272 970 illi
290 916 362 970 bello
379 917 509 985 profugos
526 933 610 984 egere
628 917 753 986 superbo.

142 993 300 1047 Euandrum
318 993 444 1062 petimus.
483 993 567 1046 Ferte
584 993 658 1059 haec,
677 997 707 1048 et
725 993 809 1048 dicite
826 995 911 1049 lectos
952 1035 955 1040 .

141 1070 295 1124 Dardaniae
312 1071 418 1124 venisse
437 1070 527 1137 duces,
545 1071 618 1123 socia
634 1087 712 1124 arma
729 1073 856 1139 rogantia
961 1085 998 1124 11⁰

140 1147 284 1216 Obstipuit
303 1149 381 1200 tanto
400 1147 540 1215 perculsus
558 1148 666 1201 nomine
686 1148 789 1202 Pallas:

141 1223 281 1291 Egredere
298 1240 315 1276 o
333 1223 498 1291 quicumque
516 1240 553 1289 es,
571 1224 619 1284 ait,
637 1241 783 1292 coramque
800 1228 942 1292 parentem

141 1300 308 1369 Adloquera
326 1316 358 1353 ac
375 1300 476 1352 nostris
495 1301 609 1352 succede
627 1301 771 1368 penatibus
787 1300 892 1368 hospes.

142 1376 310 1446 Excepitque
328 1392 417 1442 manu,
436 1375 618 1444 dextramque
636 1377 778 1445 amplexus
797 1376 921 1431 inhaesit

141 1451 283 1521 Progressi
302 1452 505 1517 subeuntium,
524 1452 690 1521 fluviumque
709 1453 872 1522 relinquunt.
960 1467 998 1507 125

175 1529 243 1582 Tum
261 1545 353 1596 regem
374 1529 484 1582 Aeneas
499 1528 582 1582 dictis
601 1529 711 1584 adfatur
728 1531 836 1585 amicis:

140 1604 260 1674 Optume
279 1605 471 1672 Graiugenum,
490 1606 533 1658 cui
549 1623 594 1659 me
614 1606 735 1660 Fortuna
753 1607 859 1675 precari

141 1681 177 1735 Et
195 1682 263 1735 vitta
280 1685 406 1750 comptos
425 1682 512 1736 voluit
530 1683 712 1750 praetendere
731 1700 828 1750 ramos,

141 1758 202 1811 Non
220 1758 349 1826 equidem
368 1759 489 1826 extimui,
509 1757 633 1812 Danaum
652 1761 726 1828 quod
744 1759 889 1814 ductaret
908 1762 997 1814 Areus

141 1835 273 1903 Quodque
287 1835 323 1888 ab
336 1837 421 1904 stirpe
433 1836 506 1889 fores
518 1837 631 1904 geminis
643 1837 803 1891 coniunctus
814 1835 938 1900 Atridis;
961 1849 998 1888 1³)

141 1911 198 1965 Sed
215 1930 276 1966 mea
294 1929 337 1965 me
356 1913 442 1966 virtus
460 1917 489 1966 et
506 1918 602 1966 sancta
619 1913 728 1966 oracula
745 1913 845 1980 divom,

141 1988 311 2057 cognatique
329 1994 430 2058 patres,
448 1993 498 2042 tua
514 1991 598 2044 terris
614 1989 704 2043 didita
721 1990 801 2056 lama,

140 2066 313 2119 Coniunnere
331 2065 389 2132 tibi,
409 2071 438 2119 et
455 2066 519 2120 latis
537 2083 619 2134 egere
637 2067 780 2120 volentem.

142 2141 294 2209 Dardanus,
314 2142 413 2196 lliaeae
430 2143 534 2210 primus
551 2145 632 2210 pater
649 2143 726 2196 urbis
744 2148 773 2198 et
790 2146 892 2212 auctor,

143 2217 258 2282 Electra
276 2223 307 2272 ut
327 2219 402 2272 Graii
420 2218 572 2286 perhibent,
594 2219 738 2273 Atlantide
756 2223 857 2286 cretus,
960 2233 998 2272 raa

144 2295 298 2349 Advelritur
317 2296 448 2359 Taucr0s;
468 2295 605 2349 Electram
622 2313 766 2350 maxumus
786 2297 865 2350 Atlas

143 2371 244 2437 Edidit,
263 2371 399 2424 aetlrcrios
417 2371 530 2424 humero
547 2373 596 2441 qui
614 2373 732 2426 sustinet
749 2372 831 2425 orbis.

142 2447 228 2499 Vobis
247 2447 399 2500 Mercurius
416 2451 498 2516 pater
514 2453 565 2515 est,
583 2465 666 2517 quem
684 2449 801 2502 candida
819 2448 894 2502 Maia

141 2522 269 2591 Cyllenae
287 2523 378 2590 gelido
395 2528 558 2594 conceptum
577 2526 679 2579 vertice
697 2525 784 2590 fudit;

142 2601 183 2653 At
202 2599 310 2666 Maiam,
328 2599 429 2653 auditis
447 2601 469 2654 si
488 2602 634 2671 quicquam
652 2601 797 2667 credimus,
818 2600 906 2665 Atlas,
964 2613 1003 2652 rec

144 2675 223 2730 Idem
242 2677 323 2731 Atlas
341 2682 461 2746 generat
479 2678 547 2732 caeli
565 2679 611 2748 qui
632 2680 722 2734 sidera
739 2679 819 2732 tollit.

142 2752 187 2806 Sic
203 2770 290 2821 genus
308 2754 449 2807 amborum
468 2756 568 2810 scindit
586 2773 615 2810 se
632 2757 763 2824 sangiune
780 2755 816 2808 ab
832 2770 894 2808 unc.

144 2828 196 2882 His
213 2830 302 2884 fretus
321 2847 374 2883 non
393 2832 498 2899 legatos
518 2849 608 2900 neque
626 2833 714 2900 prima
731 2849 782 2901 per
799 2836 888 2885 artem

142 2904 351 2974 'temptamenta
369 2909 409 2960 tui
429 2909 534 2976 pepigi;
552 2925 603 2974 me,
621 2925 666 2962 me
683 2909 741 2978 ipse
759 2922 905 2975 meumque

141 2980 239 3034 Obieci
256 2988 339 3049 caput
357 2987 386 3036 et
405 2985 520 3052 supplex
538 2983 575 3037 ad
593 2985 687 3038 limina
704 2986 774 3039 reni.
962 2995 1001 3035 1⁴⁶

141 3055 216 3108 Gens
234 3059 338 3124 eadem,
357 3064 484 3126 queste,
503 3061 605 3114 erudeli
626 3062 731 3114 Daunia
748 3061 820 3114 bello

144 3130 318 3206 Insequitur3
336 3151 385 3187 nos
404 3136 426 3187 si
444 3136 555 3203 pellant,
574 3137 640 3190 nihil
660 3138 734 3190 afore
752 3137 876 3203 credunt,

143 3202 215 3266 Quin
233 3222 340 3261 omnem
361 3209 524 3277 Hesperiam
542 3213 649 3280 penitus
666 3227 717 3264 aua
731 3211 784 3265 sub
799 3213 863 3280 iuga
877 3211 1002 3275 mittent.
