2242 3550
126 167 158 214 62
363 170 392 218 Ρ.
413 169 567 218 VERGlLI
586 169 757 217 MARONlS

124 247 316 321 Continuoque
334 268 436 321 greges
452 251 522 303 villis
539 250 604 318 lege
620 251 747 305 mollibus
764 252 847 306 albos.

124 322 207 379 Illum
226 333 326 397 autem,
346 329 472 398 quamvis
489 329 562 381 aries
580 329 617 382 sit
635 329 769 382 candidus
786 329 855 400 ipse,

122 401 211 470 Nigra
229 405 326 460 subest
343 406 398 459 udo
417 410 526 458 tantum
544 405 588 457 cui
606 405 700 472 lingna
717 406 819 474 palate,

124 478 224 549 lteiiee,
242 499 277 536 ne
295 483 409 536 maculis
428 482 546 534 infuscet
565 481 668 534 vellera
686 482 770 550 pullis

124 555 300 628 Nascentum,
319 560 454 628 plenoque
473 558 556 610 alium
575 558 754 626 circumspice
773 575 878 628 campo.
948 575 982 615 aee

124 632 239 688 Munere
257 635 295 688 sic
311 639 391 689 niveo
409 636 493 698 lanae,
513 635 534 686 si
553 633 667 686 credere
686 634 799 702 dignum
819 640 872 703 est,

123 709 180 763 Pan
199 710 269 765 dens
289 713 427 766 Arcadiae
445 716 554 778 captam
573 713 610 776 to,
631 710 717 779 iruna,
735 712 841 779 fefellit,

126 786 157 839 ln
174 804 287 842 nemora
304 789 360 842 alta
379 805 493 852 vocans;
511 804 564 842 nee
579 791 611 840 tu
629 792 777 856 aspernata
795 792 945 844 vocantem.

157 869 198 916 At
216 865 258 917 cni
277 865 355 920 lactis
373 883 455 932 amor,
474 865 589 934 cytisum
607 864 735 932 lotosque
752 866 906 934 frequentis

123 939 187 1006 lpse
205 957 287 994 manu
306 943 447 1011 salsasque
465 942 537 995 ferat
555 940 735 1010 praesepibus
752 941 859 995 herbas.
945 958 982 997 ase

124 1014 196 1070 Hinc
213 1021 241 1071 et
260 1024 353 1072 aurant
372 1019 467 1072 lluvios
485 1019 580 1086 magis,
597 1023 625 1071 et
644 1018 732 1086 magis
749 1019 836 1072 ubera
852 1018 982 1081 tendunt,

123 1091 159 1144 llt
176 1093 240 1148 salis
258 1095 394 1149 occultum
413 1097 537 1149 referunt
555 1096 583 1147 in
602 1094 673 1148 lacte
692 1111 830 1162 saporem.

122 1167 204 1223 Multi
221 1171 276 1224 iam
294 1177 421 1226 excretos
438 1172 586 1242 prohibent
604 1189 620 1224 a
638 1171 775 1224 matribus
793 1171 906 1241 haedos,

125 1246 270 1316 Primaque
288 1249 400 1303 ferratis
418 1250 574 1316 praefigunt
593 1265 641 1302 ora
659 1248 793 1316 capistris.

122 1322 202 1385 (Quod
220 1330 351 1392 surgente
369 1327 415 1379 die
434 1326 554 1378 mulsere
572 1325 703 1393 horisque
720 1324 833 1393 diurnis,
905 1337 910 1345 ·
945 1341 981 1381 400

123 1400 211 1454 Nocte
229 1406 371 1468 premunt;
391 1402 466 1470 quod
485 1402 540 1454 iam
558 1401 682 1454 tenebris
700 1405 729 1454 et
747 1401 804 1454 sole
826 1402 949 1468 cadente,

122 1476 179 1530 Sub
197 1478 285 1531 lucem
304 1483 452 1546 exportant
471 1478 585 1531 calathis
605 1477 674 1545 (adit
693 1478 924 1547 oppida-pastor),

124 1555 183 1608 hut
200 1571 282 1623 parco
299 1555 355 1609 sale
374 1555 538 1622 contingunt
556 1554 695 1622 hiemique
713 1558 856 1622 reponunt.

156 1630 215 1684 Nee
232 1631 284 1684 tibi
303 1649 367 1684 eura
386 1647 483 1684 canum
502 1631 587 1684 suerit
605 1636 752 1697 postrema,
772 1631 821 1684 sed
839 1649 893 1686 nna

124 1706 230 1762 Velocis
249 1708 364 1777 Spartae
382 1708 486 1761 catulos
504 1723 652 1776 acremque
670 1707 819 1761 Molossum
945 1725 981 1763 aas

124 1783 207 1838 Pasce
225 1801 287 1838 sero
303 1785 406 1852 pingui.
443 1784 601 1853 Numquam
620 1783 782 1837 custodibus
799 1784 852 1836 illis

123 1860 293 1914 Nocturnum
312 1860 428 1914 stabulis
445 1861 533 1914 furem
552 1860 732 1928 incursusque
750 1860 884 1929 luporum,

125 1941 181 1990 Aut
199 1937 338 2006 inpacatos
356 1954 373 1991 a
391 1941 471 2006 tergo
489 1936 615 1990 horrebis
636 1936 763 1989 Hiberos.

122 2013 209 2081 Saepe
227 2014 310 2068 etiam
328 2031 410 2068 cursu
428 2013 541 2067 timidos
560 2013 678 2081 agitabis
696 2030 819 2080 onagros,

126 2090 159 2144 [lt
176 2091 289 2144 canibus
307 2092 436 2160 leporem,
456 2090 569 2144 canibus
587 2089 724 2143 venabere
742 2090 880 2156 dammas;
946 2107 982 2145 41⁰

122 2166 209 2235 Saepe
227 2167 376 2220 volutabris
393 2169 486 2236 pulsos
505 2165 676 2220 silvestribus
694 2183 774 2234 apros

124 2243 236 2296 Latratu
255 2244 380 2297 turbabis
399 2261 490 2312 agens,
510 2243 666 2310 montisque
684 2259 733 2311 per
751 2243 822 2295 altos

125 2319 268 2386 Ingentem
287 2321 405 2374 clamore
424 2337 534 2388 premes
552 2319 588 2372 ad
607 2319 678 2372 retia
696 2336 812 2372 cervum.

157 2395 238 2449 Disce
256 2401 284 2450 et
303 2397 446 2449 odoratam
466 2396 582 2449 stabulis
600 2396 750 2448 accendere
768 2394 889 2463 cedrum,

122 2472 316 2541 Galbaneoque
335 2473 440 2539 agitare
459 2473 550 2539 gravis
569 2471 665 2524 nidore
685 2471 832 2538 chelydros.
894 2467 896 2474 ’
946 2488 982 2526 ns

122 2548 208 2616 Saepe
226 2548 276 2601 sub
294 2549 405 2602 inmotis
423 2548 605 2618 praesepibus
624 2552 673 2602 aut
691 2548 763 2600 mala
780 2552 857 2601 tectu

125 2625 224 2693 Vipera
242 2625 354 2678 delituit
372 2626 534 2694 caelumque
552 2626 688 2678 extorrita
706 2625 783 2692 sugit,

125 2702 181 2754 Aut
199 2705 272 2755 tecto
291 2702 422 2756 adsuetus
441 2702 552 2755 coluber
572 2702 719 2756 succedere
738 2707 766 2755 et
785 2700 907 2767 umhrac,

126 2777 212 2830 Pestis
228 2778 326 2832 acerba
344 2780 435 2848 boum,
454 2780 601 2849 pecorique
620 2779 787 2848 adspergere
806 2778 887 2842 virus,

126 2854 203 2908 Novit
220 2855 340 2910 hmnum.
382 2857 457 2926 Cape
476 2873 542 2910 saxa
560 2874 649 2920 manu
667 2873 734 2925 capo
753 2854 859 2920 robora,
878 2858 981 2922 pastor,

123 2929 327 3002 Tollentemque
348 2934 435 2988 minas
455 2938 483 2987 et
503 2933 582 2987 sibila
600 2934 670 2986 colla
687 2936 840 2987 tumentem
945 2945 980 2983 rer

124 3007 223 3062 lleiioe.
260 3011 376 3081 Iamque
391 3013 456 3079 iuga
473 3011 601 3064 timidum
620 3015 703 3078 caput
721 3007 830 3063 abdidit
847 3007 911 3073 alte,

123 3084 191 3138 (lum
210 3089 294 3142 medii
313 3107 400 3143 nexus
419 3094 614 3156 extremaeque
633 3089 741 3156 agmina
759 3086 863 3140 caudae

123 3159 278 3233 Solvuntur,
295 3166 446 3234 tardosque
463 3167 550 3220 trahit
568 3166 643 3219 sinus
661 3165 773 3218 ultimus
792 3161 873 3216 orbis.

123 3237 174 3294 list
192 3241 276 3296 etiam
294 3243 340 3296 ille
358 3242 446 3296 malus
466 3242 591 3297 Calabris
609 3242 636 3296 in
656 3241 770 3296 saltibus
788 3240 892 3308 anguis,
948 3253 983 3292 aaa
