2274 3554
117 118 148 167 72
345 116 374 162 P.
395 113 549 162 VERGILI
566 114 733 162 MARONIS

116 198 277 262 Admonuit,
294 197 355 248 tuni
374 199 448 265 tecta
466 197 571 262 petunt,
590 199 649 248 tum
667 212 782 265 corpora
799 203 913 262 curant;

116 271 162 326 Fit
179 273 290 340 sonitus,
307 279 485 340 mussantque
504 289 565 325 oras
584 275 613 325 et
630 273 723 326 limina
740 275 849 329 circum.

115 348 188 416 Post,
207 348 254 402 ubi
271 349 326 402 iam
343 348 471 401 thalamis
490 365 519 401 se
537 365 711 418 conposuere,
731 351 827 404 siletur

115 423 150 478 In
168 429 282 491 noctem,
301 425 440 492 fessosque
460 441 539 492 sopor
557 442 622 478 suus
641 431 755 494 occupat
772 431 855 482 artus
936 443 972 481 leo

114 501 140 554 N
143 519 173 555 ec
191 518 254 554 vero
273 519 289 554 a
307 501 422 554 stabulis
440 500 531 568 pluvia
548 501 715 569 inpendente
734 503 866 556 recedunt

114 577 240 645 Longius,
259 582 307 630 aut
325 577 440 630 credunt
459 578 533 631 caelo
552 576 764 632 adventantibus
784 581 878 637 Euriss

114 653 169 707 Sed
185 655 286 707 circmn
304 657 382 706 tutae
401 654 451 706 sub
471 653 611 706 moenibus
629 655 705 708 urbis
723 661 867 724 aquantur,

114 730 306 798 Exeursusquo
324 729 413 782 brevis
432 733 577 798 temptant,
597 735 626 784 et
644 748 724 800 saepe
743 733 856 800 lapillos,

113 806 153 859 Ut
170 807 281 874 cymbae
299 805 439 859 instabiles
457 807 542 860 fluctu
559 807 677 861 iactante
696 809 844 874 saburram,
934 824 969 866 me

112 882 237 946 Tollunt;
255 883 296 935 his
315 899 374 936 sose
394 899 442 950 per
459 883 550 936 inania
568 883 661 936 nubila
680 884 790 940 librant.

112 957 195 1012 Illum
213 959 282 1012 adeo
300 959 433 1028 placuisse
451 960 546 1028 apibus
564 960 700 1014 mirabere
717 979 828 1029 morem,

112 1034 192 1098 Quod
210 1036 300 1105 neque
317 1035 462 1089 concubitu
479 1036 630 1104 indulgent,
648 1054 698 1090 nec
716 1054 829 1106 corpora
847 1055 945 1105 segnes

112 1111 146 1164 In
165 1113 300 1166 Venerem
321 1113 437 1179 solvunt,
456 1118 504 1166 aut
522 1115 595 1167 fetus
612 1113 721 1166 nixibus
740 1114 832 1181 edunt,

48 1205 52 1212 ²
112 1187 215 1242 Verum
234 1191 310 1258 ipsae
329 1207 344 1242 e
362 1189 433 1242 foliis
451 1193 529 1242 natos
548 1194 577 1262 et
595 1189 722 1243 suavibus
740 1190 833 1244 herbis
932 1207 967 1246 aaa

111 1265 166 1319 Ore
184 1267 288 1334 legunt,
307 1267 383 1334 ipsae
401 1283 496 1334 regem
514 1283 668 1334 parvosque
688 1267 808 1331 Quirites

110 1341 259 1409 Sufficiunt,
278 1343 409 1410 aulasque
427 1346 457 1395 et
475 1359 554 1395 cerea
572 1359 657 1410 regna
675 1343 820 1412 refingunt.
873 1395 874 1400 ,

110 1417 197 1487 Saepe
216 1419 299 1471 otiam
318 1419 395 1472 duris
414 1417 531 1471 errando
548 1419 576 1471 in
596 1419 702 1472 cotibus
720 1420 777 1474 alas

110 1494 260 1561 Attrivere,
279 1495 408 1562 ultroque
426 1495 543 1547 animam
563 1495 614 1548 sub
633 1495 705 1548 fasce
724 1497 835 1550 dedere.

110 1570 213 1624 Tantus
232 1587 307 1624 amor
325 1571 421 1623 florum
440 1574 468 1624 ct
486 1571 635 1639 generandi
653 1572 739 1639 gloria
757 1572 852 1626 mellis.
929 1588 965 1628 205

109 1646 181 1716 Ergo
199 1649 272 1716 ipsas
291 1649 414 1714 quamvis
433 1648 542 1716 angusti
561 1649 693 1702 terminus
712 1650 770 1702 aevi

109 1723 359 1793 Excipiet—neque
378 1725 449 1777 enim
467 1725 529 1793 plus
549 1729 674 1792 septuma
693 1725 803 1778 ducitur
821 1730 948 1780 aestas-

108 1801 149 1854 At
166 1817 252 1868 genus
271 1801 414 1854 inmortale
433 1805 533 1868 manet,
551 1801 707 1870 multosque
725 1819 775 1870 per
793 1818 877 1855 annos

108 1876 170 1930 Stat
190 1877 312 1930 Fortuna
330 1877 434 1946 domus,
453 1881 482 1930 ct
501 1877 544 1932 avi
562 1881 741 1931 numermitur
759 1894 877 1930 avorum.

108 1953 257 2007 Praeterea
274 1971 367 2022 regem
385 1972 438 2008 non
457 1955 494 2008 sio
514 1957 654 2022 Aegyptos
672 1957 701 2007 et
718 1955 814 2022 ingens
928 1969 965 2008 210

107 2030 200 2099 Lydia,
219 2038 269 2084 nee
286 2031 378 2100 populi
398 2031 562 2084 Parthorum
580 2036 628 2084 aut
646 2031 746 2083 Medus
766 2030 911 2100 Hydaspes

107 2105 267 2161 Observant.
306 2109 383 2176 Rege
400 2108 527 2162 incolumi
546 2124 622 2160 mens
641 2107 766 2160 omnibus
784 2124 838 2161 una
855 2112 912 2174 est,

109 2184 218 2238 Amisso
236 2203 335 2254 rupere
354 2185 444 2252 fidem,
463 2188 674 2252 constructaque
692 2184 772 2237 mella

107 2259 251 2330 Diripuere
269 2263 345 2332 ipsae
364 2266 393 2314 et
411 2262 494 2314 eratis
513 2261 618 2316 solvero
636 2261 774 2326 favorum3

108 2337 158 2391 llle
177 2355 287 2407 operum
307 2343 404 2402 eustos,
423 2338 499 2390 illurn
518 2337 697 2404 admirantur,
716 2341 745 2390 et
763 2355 856 2392 omnes
927 2354 963 2394 215

107 2413 290 2468 Circumstant
308 2416 420 2468 fremitu
439 2415 523 2466 denso
542 2414 700 2482 stipantque
718 2415 887 2483 frequentes,

107 2490 143 2543 nt
161 2507 242 2559 saepe
262 2491 391 2544 attollunt
409 2491 538 2556 humeris,
558 2496 587 2543 et
605 2507 720 2558 corpora
738 2491 808 2544 bello

107 2565 252 2621 Obiectant
271 2567 467 2636 pulchramque
486 2570 585 2635 petunt
603 2583 653 2633 per
671 2567 782 2620 volnera
800 2574 925 2622 mortem.

141 2644 193 2696 His
212 2643 324 2712 quidam
343 2644 426 2710 signis
445 2647 529 2711 atque
547 2643 613 2696 haec
632 2645 756 2710 exempla
775 2645 860 2698 secuti

105 2719 173 2773 Esse
192 2720 287 2788 apibus
306 2724 413 2788 partem
432 2721 539 2772 divinae
558 2719 658 2772 mentis
677 2725 705 2772 et
724 2721 837 2774 haustus
925 2735 962 2774 220

106 2798 255 2851 Aetherios
273 2799 383 2864 dixere,
401 2797 483 2851 deum
502 2814 619 2866 namque
637 2797 678 2850 ire
695 2815 746 2866 per
764 2798 851 2850 enanis

105 2872 257 2944 'serrasque
275 2879 436 2944 tractusque
454 2875 537 2927 maris
556 2874 715 2943 caelumque
732 2873 914 2943 profundum3

106 2950 178 3006 Hinc
196 2952 322 3020 pecudes,
338 2947 471 3016 armenta,
490 2953 569 3019 vires,
587 2968 673 3018 genus
692 2968 771 3004 omne
790 2951 916 3013 serarum,

106 3025 247 3098 Quemque
266 3030 317 3083 sibi
335 3031 425 3084 tenuis
442 3031 599 3082 nascentem
619 3045 755 3080 arcessere
774 3027 844 3079 vitas
854 3045 861 3090 ;

105 3103 214 3159 Scilicet
231 3107 283 3159 hue
300 3108 380 3161 reddi
401 3107 499 3160 deinde
518 3123 548 3158 ac
567 3103 686 3156 resoluta
704 3103 800 3156 referri
924 3112 960 3152 aaa

105 3181 209 3236 Omnia
229 3200 278 3236 nee
296 3185 377 3236 morti
396 3200 456 3236 esse
475 3183 569 3237 locum.
589 3179 637 3234 secl
656 3181 717 3234 viva
735 3180 826 3233 volare
