2274 3554
422 138 609 188 AENEIDos
624 141 693 190 LIB.
713 141 766 191 111.
975 143 1021 191 127

170 220 244 285 Quos
262 237 367 275 meeum
386 238 401 274 e
420 219 500 274 Troia
517 221 669 291 mediisque
687 239 721 276 ex
739 223 850 291 ignibus
866 222 945 278 urbis

169 295 337 365 distuleram,
356 298 406 351 visi
424 301 488 350 ante
506 297 600 351 oculos
615 299 729 354 adstare
744 300 858 354 ieeentis
983 313 1022 354 rso

168 373 202 427 In
221 375 328 442 somnis,
346 375 432 428 multo
450 375 587 428 manifesti
606 374 715 441 lumine,
733 391 788 445 qua
805 393 836 430 se

168 450 253 504 Pleno
270 468 321 520 per
337 450 454 505 insertas
470 450 604 505 frnrdebet
621 452 685 506 luna
702 453 852 518 fenestras;

167 525 236 580 Tum
254 528 292 580 sio
310 527 397 580 adfari
415 531 445 581 et
463 544 542 580 eures
559 526 601 580 his
620 527 731 581 demere
749 527 843 581 dietis:

167 604 246 668 Quod
263 603 314 656 tibi
333 603 426 657 delato
444 604 589 672 Ortygiam
605 603 732 657 dicturus
748 603 847 672 Apollo
865 607 916 672 est,

167 679 223 733 Hie
238 681 318 746 canit„
338 683 366 734 et
384 683 432 734 tue
449 697 552 734 nosen
568 680 642 734 ultro
659 681 696 733 ad
713 680 807 734 limine
823 681 920 735 mitt't.
982 697 1020 737 ree

166 755 191 807 N
193 773 224 810 os
241 761 277 823 to,
298 757 438 810 Dardanis
454 757 570 824 incensa,
588 760 691 824 tuaque
708 773 786 810 arnse
802 758 886 810 secuti

166 831 226 886 llos
240 833 376 886 tumidum
395 833 446 886 sub
463 836 492 886 te
510 834 646 900 pennensi
663 833 793 886 elassibus
811 849 920 902 aequor,
999 869 1001 874 -

166 909 246 963 Idem
264 915 394 964 venturos
412 909 541 963 tollemus
557 909 585 962 in
603 913 678 962 astra
695 913 816 978 nepotes,

166 983 361 1055 luperiunrque
378 986 440 1039 urbi
459 985 593 1039 dabimus,
628 986 669 1038 Tu
686 987 792 1040 moenia
809 990 913 1055 magnis

165 1061 267 1130 Magna
283 1079 356 1131 para,
374 1063 541 1130 longumque
557 1061 638 1130 fugae
656 1079 692 1115 ne
707 1062 801 1130 linque
818 1062 945 1117 laborem.
980 1078 1019 1118 reo

165 1136 319 1192 Mutandae·
333 1139 421 1194 sedes.
457 1138 519 1191 Non
537 1139 605 1191 haec
620 1139 672 1192 tibi
691 1139 771 1192 litora
789 1139 875 1192 suasit

164 1214 261 1269 Delius
276 1219 325 1270 aut
344 1216 446 1269 Cretae
461 1215 540 1268 iussit
558 1215 700 1268 oonsidere
720 1215 824 1283 Apollo.

164 1290 214 1345 Est
232 1292 312 1358 loeus,
333 1292 496 1360 Hesperiam
516 1291 592 1345 Graii
609 1291 768 1358 cognomine
785 1291 886 1356 diruant,

164 1367 248 1422 'l'erra
265 1370 384 1436 antiqua,
403 1372 503 1436 potens
520 1369 603 1420 armis
620 1371 706 1436 atque
721 1367 806 1421 ubere
823 1367 953 1435 glaebae;

164 1443 278 1498 Oenotri
295 1446 402 1498 coluere
420 1445 488 1510 viri;
505 1461 577 1498 nune
594 1442 666 1498 farne
684 1445 803 1498 minores
978 1445 1017 1498 ree

163 1520 272 1574 ltaliam
290 1520 392 1576 dixisse
410 1521 487 1574 ducis
505 1521 542 1574 de
558 1521 665 1574 nomine
682 1527 807 1588 gentem:

163 1597 228 1652 llee
240 1599 317 1652 nobis
334 1599 461 1668 propriae
482 1597 576 1662 sedes3
599 1597 662 1650 hino
681 1598 825 1651 Dardanus
843 1603 927 1664 ortus,

106 1680 113 1694 ‘
162 1673 304 1743 Iasiusque
322 1679 409 1743 pater,
428 1691 517 1742 genus
532 1692 549 1727 a
567 1691 620 1743 quo
638 1675 760 1743 principe
778 1678 908 1728 nostrum

162 1749 250 1818 Surge
266 1768 326 1820 age,
343 1755 373 1804 et
390 1751 459 1804 haee
475 1750 564 1804 laetus
582 1751 715 1818 longaevo
731 1751 808 1804 dieta
823 1751 932 1819 parenti

162 1825 247 1880 Haud
259 1827 411 1880 dubitande
422 1827 511 1880 refer:
524 1828 674 1894 Corythum
686 1831 829 1896 terrasque
842 1827 964 1894 requirat
978 1843 1015 1883 17⁰

162 1904 303 1957 Ausonias.
341 1904 454 1956 Dictaea
471 1907 555 1970 negat
573 1904 623 1956 tibi
644 1903 770 1971 luppiter
786 1919 859 1956 arva,

161 1979 271 2033 'felibus
288 1981 423 2034 attonitus
439 1981 505 2032 visis
521 1983 550 2032 et
568 1997 634 2032 voco
651 1979 800 2032 deornm-
865 2047 866 2050 Ἴ

160 2056 220 2110 Neo
237 2073 318 2124 sopor
334 2055 402 2109 illud
420 2061 486 2121 erat,
505 2055 556 2107 sed
572 2071 662 2108 eoram
679 2055 845 2122 adgnoscere
862 2058 954 2110 voltus

160 2131 329 2200 velatasque
347 2147 438 2185 comas
455 2132 662 2198 praesentiaque
681 2148 728 2184 ora
746 2131 875 2198 videbam

160 2209 228 2262 Tum
245 2208 352 2277 gelidus
370 2213 429 2262 toto
447 2207 576 2261 manahat
594 2223 708 2275 corpore
726 2207 844 2260 sudor-
976 2223 1014 2264 175

160 2285 286 2356 Corripio
302 2303 318 2338 e
336 2285 434 2338 stratis
450 2301 556 2352 eorpus
575 2283 714 2352 tendoque
733 2285 846 2352 supinas

160 2361 207 2414 Ad
225 2363 329 2416 eaelum
346 2379 409 2415 oum
427 2377 492 2414 voce
509 2378 612 2427 manus,
632 2365 662 2414 ot
679 2375 793 2415 munera
810 2361 867 2416 libo

160 2439 329 2492 lntomeretu
346 2439 419 2492 focis.
458 2437 585 2492 Perfecto
601 2438 690 2492 laetrrs
708 2438 809 2492 honore

160 2515 297 2568 Anchisen
315 2516 385 2569 lucio
402 2519 516 2580 eertum,
536 2533 649 2584 remque
669 2516 765 2569 ordine
783 2517 881 2586 pando.

160 2592 299 2658 Adgnovit
316 2593 420 2661 prolem
439 2591 592 2659 ambiguam
610 2593 787 2661 geminosque
804 2597 941 2662 parentes,
974 2609 1013 2648 leo

159 2667 249 2736 Seque
265 2685 336 2722 novo
352 2672 476 2722 veterum
497 2668 642 2736 deceptum
662 2685 756 2722 errore
773 2669 900 2723 locorum.

159 2743 227 2798 'lum
245 2748 391 2798 memorat:
418 2744 498 2810 Nate,
520 2745 611 2798 Iliacis
628 2746 749 2798 exercite
767 2745 838 2811 latis,

159 2820 222 2874 Sola
239 2821 306 2874 mihi
322 2821 388 2874 telis
404 2837 482 2874 casus
501 2820 655 2875 Cassandra
672 2821 794 2874 canebat.

158 2897 182 2950 N
185 2914 238 2951 une
255 2902 350 2966 repeto
367 2898 435 2952 haee
452 2899 547 2964 generi
564 2897 730 2966 portendere
749 2897 844 2951 debita
861 2903 962 2967 nostro,

160 2974 196 3028 Et
213 2991 295 3043 saepe
316 2974 488 3042 Hesperiam,
507 2990 589 3044 saepe
608 2973 681 3026 Itala
698 2989 785 3040 regna
800 2989 905 3030 voeere.
974 2991 1012 3031 ree

156 3049 213 3103 Sed
231 3051 291 3118 quis
310 3051 345 3102 ad
365 3050 516 3118 Hesperiae
533 3053 663 3103 venturos
680 3049 762 3104 litore
781 3049 898 3105 'leueros

158 3126 308 3180 Crederetl
332 3129 381 3180 aut
399 3143 480 3196 quem
498 3130 558 3180 turn
576 3129 654 3180 vates
672 3125 826 3181 Cassandra
843 3127 984 3184 moveretl

158 3201 295 3284 Cedamus
314 3201 432 3268 Phoebo,
451 3207 480 3256 et
497 3203 593 3256 moniti
610 3203 724 3258 meliora
742 3219 895 3270 sequamur.
