2234 3554
407 133 592 182 AENEIDOS
609 134 679 184 LIB.
698 133 756 184 VL'
957 137 1003 187 187

151 207 301 265 Praeterea
318 213 390 266 iacet
407 213 562 268 exanimum
580 214 632 270 tibi
649 231 748 284 eorpus
765 217 878 270 anum—-

152 286 217 341 Heu
234 287 500 358 nescis-totamque
517 290 635 346 incestat
652 293 749 346 funere
766 292 887 361 classem,
970 307 1005 346 rso

151 362 223 416 Dum
243 363 364 416 consulta
382 365 454 432 petis
472 369 621 435 nostroque
639 368 667 421 in
685 368 777 422 limine
794 369 904 437 pendes

152 438 268 492 Sedibus
285 439 357 492 huno
375 440 448 494 refer
466 446 530 495 ante
550 443 606 496 suis
625 448 654 497 et
672 445 758 496 conde
777 445 923 512 sepulchro.

151 515 212 568 Duo
230 516 322 582 nigras
339 517 472 584 pecudes3
494 535 527 571 ea
544 519 632 586 prima
650 520 755 588 piacula
772 524 858 573 sunto.

151 592 195 646 Sic
213 591 323 646 demum
341 593 415 646 lucos
436 594 528 662 Stygis
548 599 577 648 et
595 613 679 664 regna
696 597 768 650 invia
785 597 852 649 vivis

152 669 282 738 Aspicies.
320 668 404 737 Dixit,
423 687 572 739 pressoque
590 673 727 726 obmutuit
744 689 797 726 ore.
970 688 1007 728 15⁶

186 747 296 798 Aeneas
314 749 420 800 maesto
439 747 547 800 defixus
566 748 667 802 lumina
685 749 760 803 voltu

151 820 318 888 Ingreditur,
338 821 463 891 linquens
483 827 600 893 antrum,
619 842 766 894 caecosque
785 825 890 879 volutat

151 897 272 950 Eventus
289 898 379 950 animo
397 916 496 952 secmn.
534 900 584 954 Oui
602 902 674 954 fidus
693 902 815 956 Achates

151 973 180 1027 It
197 990 294 1040 comes,
315 977 343 1027 et
361 975 473 1043 paribus
493 977 564 1030 curis
584 978 702 1045 vestigia
719 978 785 1045 figit.

151 1050 239 1104 Multa
257 1049 330 1104 inter
349 1068 409 1104 sese
427 1053 502 1104 vario
522 1069 647 1106 sermono
665 1053 799 1122 serebant,
970 1068 1008 1108 reo

151 1127 238 1192 Quem
252 1127 354 1180 socium
371 1129 523 1181 exarsimem
538 1133 622 1194 vatos,
641 1128 714 1197 quod
729 1145 825 1197 eorpus
839 1127 1007 1182 humandum

151 1202 267 1257 Diceret
306 1206 400 1272 Atque
418 1205 458 1256 illi
478 1205 615 1258 Misenum
634 1205 661 1258 in
679 1205 761 1258 litore
779 1206 854 1273 sicco,

151 1279 191 1333 Ut
208 1297 316 1348 venere,
334 1281 430 1334 rident
448 1281 562 1348 indigna
580 1285 669 1336 morte
687 1285 867 1350 peremptum,

153 1356 288 1410 Misenum
308 1357 450 1423 Aeoliden,
474 1374 527 1426 quo
546 1375 600 1411 non
618 1359 803 1426 praestantior
820 1359 891 1412 alter

152 1434 225 1486 Acro
242 1433 314 1486 ciero
332 1433 410 1502 viros,
432 1434 607 1503 Martemque
626 1434 776 1488 accendere
793 1438 882 1488 cantu.
970 1449 1008 1490 1⁸⁶

151 1507 278 1563 Hectoris
297 1509 339 1562 hic
357 1512 448 1578 magni
467 1512 557 1564 luerat
576 1529 674 1579 comes,
696 1512 818 1564 Hectora
835 1511 936 1564 circum

152 1585 187 1639 nt
204 1587 271 1640 lituo
290 1604 393 1654 pugnas
412 1587 525 1655 insignis
544 1587 637 1642 obibat
657 1593 686 1641 et
704 1588 789 1642 hasta

151 1663 299 1732 Postquam
318 1663 393 1717 illum
413 1665 470 1717 vita
487 1665 574 1718 vietor
594 1665 719 1734 spoliavit
737 1664 867 1734 Achilles,

151 1739 289 1793 Dardanio
309 1743 420 1794 Aeneae
439 1757 499 1794 sese
518 1741 681 1795 fortissimus
699 1741 779 1794 heros

150 1816 308 1870 Addiderat
327 1818 437 1884 socimn,
457 1834 509 1869 non
527 1817 656 1870 interiora
675 1821 789 1871 secutus
969 1832 1007 1871 no

151 1893 206 1946 Sed
223 1897 289 1960 tum,
309 1893 380 1946 forte
400 1909 465 1945 cava
484 1893 550 1944 dom
569 1897 700 1959 personat
718 1909 836 1960 aequora
853 1893 960 1958 concha,

151 1969 277 2034 Demens,
298 1972 327 2021 et
344 1972 426 2022 cantu
445 1972 524 2021 vocat
541 1969 567 2019 in
588 1969 737 2021 certamina
755 1967 837 2035 divos,

152 2044 285 2097 Aemulus
304 2048 449 2111 exceptum
470 2043 572 2110 Triton,
592 2043 614 2096 si
633 2043 746 2095 credere
766 2043 878 2110 dignum
896 2049 946 2107 ent

102 2159 106 2166 .
152 2119 230 2173 Inter
248 2136 315 2172 saxa
333 2120 420 2172 virum
442 2136 569 2188 spumosa
587 2120 750 2172 inmerserat
766 2118 846 2172 unda.

153 2195 224 2263 llrgo
242 2213 337 2249 omnes
354 2195 572 2263 magnocircum
591 2195 708 2248 clamore
725 2194 886 2254 fremebant.
971 2210 1008 2250 17⁵

155 2273 302 2342 Praecipue
319 2273 381 2341 pius
401 2275 517 2326 Aeneas.
553 2272 622 2325 Tum
640 2271 713 2325 iussa
732 2270 855 2338 Sibyllae,

152 2349 236 2404 Haud
253 2367 336 2418 mora,
356 2351 490 2407 festinant
509 2349 612 2416 flentes,
635 2365 764 2416 aramque
782 2347 916 2416 sepulchri

151 2426 305 2495 Gongcrcre
324 2427 468 2480 arboribus
487 2427 615 2495 caeloque
635 2425 751 2479 educere
771 2428 885 2478 certant.

152 2503 213 2556 Itur
229 2505 257 2557 in
276 2507 416 2574 antiquam
437 2501 539 2572 silvam,
559 2503 667 2557 stabula
686 2503 743 2556 alta
761 2503 890 2567 ferarum,

152 2580 336 2636 Procumbunt
354 2583 454 2650 piceae,
474 2585 552 2634 sonat
570 2581 625 2634 icta
643 2579 782 2642 securibus
798 2578 859 2646 ilex,
970 2592 1007 2632 roo

152 2656 356 2727 Fraxinonequc
374 2659 468 2711 trabes
487 2658 580 2711 cuneis
598 2661 626 2711 et
645 2657 727 2710 fissile
745 2655 829 2708 robur

151 2733 296 2802 Scinditur,
316 2735 464 2788 advolvunt
482 2734 602 2802 ingentis
620 2733 757 2786 montibus
776 2747 862 2783 ornos¹

151 2810 280 2864 Necnon
301 2815 409 2865 Aeneas
428 2827 511 2878 opera
531 2811 604 2862 inter
622 2810 690 2862 talia
707 2809 811 2878 primus

152 2885 288 2942 Hortatur
306 2888 399 2952 socios,
418 2887 584 2956 parilmsque
603 2887 756 2953 aecingitur
772 2883 860 2936 armis.

153 2965 248 3034 Atque
264 2966 332 3018 lrnec
349 2965 409 3032 ipse
427 2981 476 3016 suo
494 2964 569 3016 tristi
586 2980 647 3015 enm
667 2961 748 3014 cordo
767 2959 880 3026 volutat,
970 2972 1007 3010 rsa

152 3041 326 3111 Adspeotans
344 3042 439 3096 silvam
456 3041 614 3106 inmensam,
632 3042 662 3091 et
680 3038 719 3091 sio
736 3053 801 3090 vooo
817 3038 959 3104 precatur:

152 3117 181 3173 Si
199 3136 271 3173 nunc
289 3135 319 3173 se
335 3117 414 3172 nobis
431 3117 477 3171 ille
495 3133 595 3170 aureus
612 3114 709 3168 arbore
727 3129 819 3167 ramus

152 3195 289 3251 Ostendat
306 3211 418 3250 nemore
435 3194 463 3248 in
482 3197 575 3248 tanto!
597 3192 705 3261 quando
724 3191 813 3244 omnia
830 3206 896 3244 vore
