2234 3554
133 137 179 191 232
381 139 411 186 P.
431 137 586 186 VERGILI
605 140 771 189 MARONIS

134 221 239 275 Servati
255 219 369 272 iacimus
387 220 555 288 meritosque
575 237 708 274 novamus
727 223 850 278 honores.

134 299 194 352 Iam
212 297 330 366 primum
349 297 421 350 saxis
439 313 599 364 suspensam
617 297 686 352 hanc
705 301 795 369 aspice
815 317 921 370 rupem,
955 317 993 357 ree

134 376 272 430 Disiectac
289 373 382 442 procul
400 377 432 425 ut
450 373 541 437 moles,
562 373 728 442 desertaque
748 379 848 432 montis

134 453 195 508 Stat
214 452 317 518 domus,
337 453 365 502 et
384 449 486 517 scopuli
505 449 644 518 ingentem
664 455 775 506 traxere
793 455 908 510 ruinam.

100 579 103 585 ,
135 530 188 583 Hie
207 530 333 598 spelunca
350 528 409 594 luit,
427 530 504 579 vesto
523 527 651 581 submota
668 545 785 597 recessu,

135 606 321 660 semihominis
341 604 405 658 Coei
422 604 505 657 farcies
524 621 605 672 qnam
626 604 686 657 dira
704 606 825 674 tenebat,

135 683 204 736 Solis
222 683 385 735 inaccessam
404 681 504 745 radiis;
524 697 686 749 semperque
704 683 808 736 recenti
957 701 994 740 ret

135 759 226 813 Caede
243 759 357 828 tepebat
375 757 480 823 humus,
499 757 657 825 foribusque
675 757 767 811 adfixa
785 759 910 828 superbis

135 835 191 888 Ora
209 836 297 888 virum
314 835 388 888 tristi
406 833 565 902 pendebant
585 833 687 901 pallida
706 835 778 890 tabe.

136 911 208 965 Huic
225 916 347 965 monstro
369 911 503 962 Volcanus
522 913 582 962 erat
601 913 698 978 pater:
718 911 790 965 illius
807 916 885 967 atros

136 988 191 1042 Ore
209 1005 319 1042 vomens
336 988 407 1055 ignis
425 1003 524 1054 magna
543 1003 572 1039 se
591 987 662 1040 molo
682 988 797 1042 ferebat.

136 1065 241 1118 Attulit
260 1070 289 1118 ct
306 1064 385 1118 nobis
403 1063 548 1131 aliquando
566 1063 724 1130 optantibus
742 1068 819 1118 aetas
957 1083 994 1122 roo

137 1141 277 1194 Auxilium
295 1141 498 1208 adventumque
516 1139 568 1192 dei.
608 1139 676 1191 Nam
696 1157 840 1194 maxumus
857 1142 941 1212 ultor,

135 1217 289 1285 Tergemini
306 1235 373 1271 nece
392 1217 532 1284 Geryonae
551 1215 696 1284 spoliisque
715 1217 857 1286 superbus,

137 1294 248 1347 Alcides
267 1294 370 1360 aderat,
389 1297 538 1360 taurosque
553 1292 606 1345 hac
625 1292 714 1346 victor
733 1293 833 1361 agebat

137 1370 265 1437 Ingentis,
284 1371 437 1438 vallemque
455 1368 539 1422 boves
560 1385 724 1437 amnemque
742 1371 883 1424 tenebant.

137 1447 176 1499 At
192 1446 269 1499 furiis
289 1446 352 1498 Caci
370 1461 446 1498 mens
465 1445 555 1512 effera,
575 1462 610 1498 ne
630 1446 697 1513 quid
715 1447 838 1499 inausum
957 1463 993 1502 atu

136 1524 194 1575 Aut
211 1523 390 1575 intractatum
408 1521 552 1575 scelerisve
573 1521 662 1574 dolive
681 1522 785 1589 fuisset,

135 1597 270 1662 Quattuor
288 1613 304 1649 a
322 1597 436 1650 stabulis
454 1599 606 1665 praestanti
626 1615 738 1668 corpore
758 1603 851 1653 tauros

136 1675 254 1741 Avertit,
273 1674 390 1727 totidem
408 1673 495 1727 forma
513 1678 659 1742 superante
678 1675 811 1728 iuvencas.

94 1748 96 1752 ’
136 1751 229 1819 Atque
246 1750 302 1817 hos,
321 1767 356 1802 ne
374 1765 429 1818 qua
445 1750 537 1804 forent
555 1751 672 1818 pedibus
692 1752 808 1818 vestigia
825 1752 914 1819 rectis,

136 1827 229 1881 Gauda
246 1827 274 1879 in
293 1827 448 1894 speluncam
467 1830 571 1880 tractos
589 1827 729 1894 versisque
747 1827 851 1880 riarum
955 1845 993 1884 uo

136 1903 247 1957 Iudiciis
265 1908 359 1972 raptos
377 1919 442 1956 saxo
462 1901 617 1956 occultabat
636 1919 727 1970 opaco.

136 1980 284 2044 Quaerenti
300 1980 375 2032 nulla
392 1979 428 2032 ad
446 1979 601 2048 speluncam
620 1979 698 2046 signa
716 1979 849 2036 serebant.

137 2057 252 2124 Interea,
272 2073 332 2110 cum
350 2057 404 2109 iam
423 2055 537 2109 stabulis
557 2058 680 2107 saturata
697 2059 820 2110 moveret

137 2133 395 2202 Amphitryoniades
413 2135 538 2186 armcnta
557 2129 716 2199 abitumque
734 2136 854 2201 pararet,

137 2208 261 2263 Discessu
279 2210 385 2278 mugire
402 2207 493 2276 boves,
511 2211 594 2274 atque
612 2223 692 2260 omne
711 2208 830 2276 querelis
957 2225 994 2264 aas

137 2285 237 2354 lnplcri
256 2302 359 2352 nemus,
378 2285 505 2358 etcolles
523 2284 641 2337 clamore
659 2283 781 2352 relinqui.

136 2361 268 2416 Reddidit
278 2361 340 2414 ‘una
357 2361 439 2414 boum
457 2377 550 2413 vocem
569 2363 700 2428 vastoque
719 2361 770 2412 sub
786 2364 866 2414 antro

135 2438 234 2506 Mugiit
252 2441 281 2492 et
300 2439 363 2492 Caci
382 2454 458 2506 spem
478 2436 616 2490 custodita
634 2435 738 2490 fefellit.

135 2515 189 2568 llic
206 2531 270 2568 vero
290 2514 406 2568 Alcidae
424 2513 502 2567 liniis
527 2517 667 2570 exarserat
687 2517 747 2566 atro

136 2590 210 2644 Folle
222 2591 313 2657 dolor;
334 2590 407 2658 rapit
420 2607 496 2644 arma
507 2607 590 2644 manu
601 2589 734 2658 nodisque
745 2592 891 2656 gravatum
957 2605 994 2644 aso

135 2667 236 2736 Robur,
255 2672 283 2722 et
302 2667 368 2721 aerii
386 2684 467 2721 cursu
485 2667 555 2735 petit
573 2667 659 2719 ardua
677 2666 786 2720 montis.

135 2743 201 2797 Tum
220 2745 338 2814 primum
356 2745 444 2798 nostri
463 2745 563 2798 Cacum
583 2744 679 2798 videre
697 2744 843 2797 timentem

135 2820 338 2890 Turbatumque
356 2821 457 2886 oculis;
475 2822 545 2889 fugit
563 2821 636 2873 ilicet
655 2821 728 2874 ocior
747 2820 820 2872 Euro

135 2895 348 2964 speluncamque
365 2897 455 2964 petit;
474 2897 591 2964 podibus
610 2897 693 2949 timor
711 2895 821 2948 addidit
839 2894 903 2949 alas

134 2971 174 3024 Ut
192 2989 251 3026 sese
269 2972 385 3038 inclusit,
403 2973 545 3040 ruptisque
562 2971 669 3024 inmane
687 2972 789 3024 catenis
939 2981 994 3025 ‘aas

135 3045 240 3100 Deiecit
258 3065 360 3114 saxum,
377 3049 450 3101 ferro
469 3047 543 3114 quod
566 3049 594 3098 et
613 3049 674 3099 arte
693 3052 807 3113 paterna

135 3121 283 3189 Pendebat‚
300 3124 437 3190 fultosque
455 3123 568 3176 emuniit
587 3122 673 3176 obiice
691 3123 785 3190 postis,

134 3194 203 3250 llcce
219 3198 312 3251 furens
330 3199 426 3250 animis
444 3199 541 3251 aderat
559 3197 723 3262 Tirynthius,
741 3213 904 3267 omnemque
934 3231 938 3242 «
