2234 3554
391 149 465 197 AEN
469 149 574 197 Emos
596 150 665 198 LIB.
690 151 769 200 VIII.
947 152 1005 198 233·

144 231 291 284 Accessum
309 229 428 282 lustrans
446 227 498 282 huc
516 245 564 281 ora
582 229 690 282 ferebat
707 232 737 282 ct
754 230 825 298 illuc,

142 302 279 358 Dentibus
297 305 461 359 infrendens.
498 306 551 359 'Per
568 309 658 358 totum
670 305 794 359 fervidus
810 307 852 361 ira
960 319 998 360 πο

143 381 257 435 Lustrat
276 383 407 435 Aventini
426 386 562 447 montem;
585 386 630 435 ter
648 399 730 435 saxea
748 386 869 451 temptat

143 459 251 511 himina
267 458 448 526 nequiquam3
471 461 516 512 ter
533 459 621 512 lessus
639 459 708 512 valle
726 459 837 514 resedit.

142 535 241 588 Stabat
258 538 339 588 acuta
357 534 432 601 siler,
450 535 581 603 praecisis
598 535 720 604 undique
740 536 812 588 saxis

143 611 293 679 Speluncae
311 609 393 664 dorso
411 612 562 680 insurgens,
579 612 711 665 altissima
729 613 796 679 visu,

144 688 270 742 Dirarum
288 687 361 740 nidis
380 688 476 742 domus
495 692 648 758 opportuna
666 689 812 742 volucrum.
960 704 996 742 ass

146 765 230 831 lianc,
247 768 279 818 ut
297 781 383 832 prona
400 765 464 833 iugo
482 766 588 818 laevum
607 765 783 818 incumbebat
800 764 837 818 ad
850 777 956 816 amnem

143 843 249 896 Dexter
265 843 294 894 ln
312 842 456 895 adversum
475 843 565 895 nitens
582 843 725 909 concussit,
744 845 773 895 et
791 841 853 894 imis

143 919 274 972 Avolsnm
293 919 372 972 solvit
390 918 541 983 radicibus3
564 919 630 971 inde
649 922 763 987 repente

144 995 262 1062 inpulit;
284 995 392 1063 inpulsu
411 1011 464 1064 quo
482 1011 625 1047 maxumus
644 995 751 1047 intonat
769 991 874 1058 aether,

144 1071 298 1126 llissultaut
316 1072 391 1140 ripae
409 1071 725 1139 refluitque'exterritus
743 1071 837 1124 amnis.
959 1084 996 1122 aso

144 1151 183 1202 At
201 1166 298 1217 specus
317 1153 346 1202 et
365 1148 428 1202 Caci
447 1148 558 1202 detecta
575 1147 702 1215 adparuit
719 1147 816 1214 ingens
932 1145 935 1150 ’

144 1226 237 1294 Regna,
256 1229 285 1279 et
302 1225 447 1278 umbrosae
464 1225 572 1291 penitus
591 1227 707 1292 patuere
726 1240 873 1277 cavernae:
922 1247 925 1250 ·

143 1303 204 1356 Non
223 1320 306 1369 secus,
325 1319 356 1356 ac
375 1302 397 1355 si
416 1318 471 1370 qua
488 1302 598 1369 penitus
616 1301 643 1352 vi
662 1304 737 1354 terra
755 1299 898 1353 dehiscens

145 1379 268 1432 Infernas
286 1383 392 1432 reseret
410 1378 490 1431 sedes
510 1382 539 1430 et
557 1393 642 1445 regna
659 1377 785 1430 recludat

145 1455 257 1523 Pallida,
276 1455 319 1509 dis
336 1456 427 1521 invisa,
447 1471 584 1523 superque
602 1454 710 1506 inmane
728 1453 888 1507 barathrum
960 1467 995 1506 asa

144 1532 286 1600 Cernatur,
305 1532 502 1601 trepidentque
520 1531 630 1583 inmisso
649 1530 751 1583 lumine
770 1529 873 1583 Menos.

145 1609 216 1676 llrgo
234 1610 374 1678 insperata
392 1609 557 1675 deprensum
576 1608 604 1660 in
622 1607 682 1661 luce
700 1611 814 1676 repente

145 1685 338 1753 inclusumque
357 1702 421 1738 caro
441 1702 506 1737 saxo
525 1688 610 1753 atque
627 1685 735 1738 insueta
753 1681 900 1736 rudentem

145 1761 269 1831 Desuper
287 1761 399 1814 Alcides
417 1761 479 1814 telis
498 1761 605 1830 premit,
625 1761 768 1829 omniaque
787 1776 863 1813 arma

145 1838 278 1905 Advocat,
297 1842 326 1892 61
344 1838 426 1890 ramis
444 1837 583 1903 vastisque
602 1837 749 1889 molaribus
767 1837 859 1889 instat.
960 1850 996 1888 ato

146 1914 196 1966 1116
215 1918 314 1978 autem,
333 1929 423 1981 neque
441 1913 513 1965 enim
532 1913 597 1978 fuga
613 1912 668 1964 iam
686 1928 768 1980 super
786 1911 842 1964 nlla
859 1912 960 1980 pen'cli,

146 1989 279 2042 Faucibus
296 1990 435 2056 ingentem
453 1988 564 2050 fumum,
583 1987 706 2039 mirabile
724 1987 808 2054 dictu,

146 2065 254 2118 Evomit
271 2063 438 2130 involvitque
457 2062 568 2114 domum
587 2063 701 2128 caligine
719 2079 806 2130 caeca,

147 2141 325 2208 Prospectum
344 2139 462 2206 eripiens
480 2139 570 2200 oculis,
588 2138 776 2206 glomeratque
794 2138 846 2192 snb
863 2142 942 2192 antro

147 2217 312 2270 Pumiferam
330 2218 438 2268 noctem
457 2214 611 2267 commixtis
628 2214 690 2281 igne
708 2214 837 2269 tenebris.
961 2229 996 2269 rac

146 2295 206 2347 Non
225 2293 290 2346 tulit
309 2291 421 2346 Alcides
438 2291 543 2359 animis,
563 2307 647 2359 seque
665 2291 723 2359 ipse
741 2292 901 2360 perignem

147 2370 293 2438 Praecipiti
311 2369 375 2423 iecit
394 2369 472 2437 saltu,
491 2385 547 2436 qua
564 2367 697 2437 plurimus
715 2367 816 2422 undam

146 2448 248 2500 Fumus
266 2447 323 2514 agit
341 2445 496 2514 nebulaque
514 2446 608 2513 ingens
627 2461 723 2512 specus
741 2449 850 2499 aestuat
867 2449 934 2500 atra

148 2524 198 2577 llic
218 2523 319 2577 Cacum
337 2523 365 2575 in
383 2522 505 2576 tenebris
523 2521 649 2575 incendia
668 2538 736 2575 vana
755 2527 910 2576 vomentem

145 2600 265 2668 Corripit
282 2599 310 2652 in
329 2600 430 2652 nodum
449 2599 603 2667 conplexus,
623 2602 651 2652 61
669 2598 745 2666 angit
762 2598 907 2653 inhaerens
960 2613 996 2652 acc

147 2677 233 2730 Elisos
251 2677 342 2730 oculos
361 2681 390 2730 et
408 2677 507 2729 siccum
527 2677 657 2744 sanguine
674 2679 778 2743 guttur.

147 2754 280 2807 Panditur
298 2754 435 2821 extemplo
452 2753 557 2806 foribus
575 2753 672 2806 domus
690 2755 751 2806 atra
769 2753 887 2820 revolsis,

146 2829 368 2897 Abstractaeque
385 2829 469 2884 bores
487 2829 681 2897 abiurataeque
700 2829 812 2898 rapinae

145 2906 226 2960 Caelo
245 2907 434 2972 ostenduntur,
453 2906 623 2975 pedibusque
641 2905 757 2959 informe
774 2905 892 2960 cadaver

146 2983 326 3037 Protrahitur.
364 2982 512 3051 Nequeunt
530 2981 633 3050 expleri
652 2982 736 3035 corda
753 2981 855 3035 tuendo
960 2995 996 3034 aas

145 3059 285 3114 Terribilis
303 3060 400 3124 oculos,
419 3059 522 3112 voltum
540 3059 687 3126 villosaque
705 3059 788 3112 saetis

145 3138 260 3191 Pectora
278 3136 398 3190 semiferi
416 3140 499 3205 atque
517 3135 666 3189 exstinctos
684 3135 807 3189 lancibus
824 3134 901 3204 ignis

146 3215 185 3268 Ex
203 3215 250 3269 illo
268 3213 423 3268 celebratus
441 3213 532 3277 lronos,
550 3213 671 3282 laetique
689 3212 808 3266 minores
