2242 3550
382 165 586 214 GEORGICON
604 165 673 213 LIB.
694 163 744 212 111.
975 159 1006 208 59

153 248 190 302 Et
207 251 328 301 mentem
346 246 440 300 Venus
457 245 516 313 ipsa
534 245 620 312 dedit,
639 262 692 313 quo
710 249 833 312 tempore
852 235 947 296 Glauci

153 323 302 378 Potniades
320 323 398 376 maha
416 321 539 376 membra
557 322 733 391 absumpsere
752 320 908 390 quadrigae.

153 401 219 454 Illas
239 399 315 452 ducit
333 415 409 452 amor
427 402 504 451 trans
522 398 645 466 Gargara
663 401 795 465 transque
814 399 952 448 sonantem

152 477 318 531 Ascanium:
335 479 466 544 superant
484 475 584 527 montis
603 479 631 528 et
649 474 760 526 flumina
778 475 896 526 tranant.
971 485 1007 524 270

152 553 343 620 Continuoque
361 551 448 604 avidis
466 550 513 604 ubi
532 550 642 604 sub'dita
661 550 769 602 flamma
787 549 947 601 medullis-

151 627 226 684 Vere
245 630 338 696 magis,
356 628 421 696 quia
439 643 503 680 vere
521 627 593 680 calor
612 626 686 680 redit
704 625 908 679 ossibus-illae

152 707 207 760 Ore
227 722 319 758 ornnes
339 721 433 758 versae
451 703 480 756 in
498 703 652 772 Zephyrum
672 707 747 756 stant
765 702 878 772 rupibus
896 699 966 764 altis,

151 784 361 850 Exceptantque
378 779 446 834 levis
464 796 551 846 auras,
570 784 599 834 et
618 797 698 848 saepe
718 781 775 834 sine
794 779 855 833 ullis

148 857 291 925 Coniugiis
310 861 392 910 vento
410 855 698 923 gravidae-mirabile
717 856 827 909 dictu-
970 865 1006 906 27⁶

151 936 223 989 Saxa
240 951 290 1002 per
308 937 337 986 et
355 932 478 1000 scopulos
497 935 525 985 et
544 931 687 1000 depressas
706 933 833 986 conmilis

151 1011 313 1078 Diffugiunt,
332 1026 393 1074 non,
410 1009 493 1076 liure,
511 1011 581 1076 tuos,
599 1025 688 1076 neque
708 1009 778 1061 Solis
796 1009 831 1062 ad
849 1012 932 1076 ortus,

152 1088 187 1142 1n
206 1088 313 1140 Borean
334 1085 517 1153 Caurumque,
535 1088 582 1154 aut
600 1084 673 1137 unde
692 1084 855 1152 nigerrimus
874 1087 978 1138 Auster

152 1164 282 1218 Nascitur
300 1167 329 1216 et
347 1162 438 1230 pluvio
457 1161 602 1214 contristat
620 1161 721 1228 frigore
739 1161 851 1214 caelum.

152 1241 207 1294 Hic
225 1240 342 1304 demum,
361 1239 539 1306 hippomanes
557 1254 621 1290 vero
640 1237 714 1306 quod
732 1241 839 1290 nomino
857 1237 952 1291 dicunt
970 1251 1007 1290 aaa

142 1317 288 1383 ,Pastorea
307 1315 412 1368 lentum
432 1313 554 1366 destillat
572 1313 607 1366 ab
625 1314 734 1382 inguine
753 1314 843 1379 virus;

153 1393 348 1460 Hippomanes,
368 1391 443 1459 quod
460 1407 541 1457 saepe
560 1390 646 1443 malae
664 1391 756 1458 legere
775 1407 913 1455 novercae,

152 1469 378 1537 Miscueruntque
396 1467 496 1520 herbas
515 1470 544 1520 et
561 1484 615 1519 non
632 1467 743 1520 innoxia
760 1467 850 1520 verba.

188 1545 243 1598 Sed
260 1545 332 1612 fugit
350 1544 463 1610 interea,
481 1544 552 1611 fugit
569 1543 752 1612 inreparabile
770 1548 888 1612 tempus,

152 1621 265 1689 Singula
284 1620 350 1674 dum
369 1621 441 1688 capti
460 1619 701 1673 circumvectamur
720 1637 822 1675 amore.
971 1635 1006 1674 aaa

153 1699 214 1752 Hoc
233 1699 299 1751 satis
317 1697 461 1750 armentis:
481 1699 592 1764 superat
610 1713 673 1764 pars
691 1697 778 1750 altera
796 1714 884 1765 curae,

152 1775 301 1842 Lanigeros
319 1774 424 1841 agitare
442 1790 538 1840 greges
557 1772 698 1842 hirtasque
717 1775 842 1843 capellas.

153 1851 208 1905 Hic
226 1849 316 1916 labor3
334 1851 396 1902 hino
415 1850 523 1902 laudem
542 1850 626 1902 fortes
646 1853 754 1918 sperate
772 1851 865 1906 coloni.

152 1928 178 1981 N
181 1945 212 1982 ec
230 1944 289 1980 sum
308 1927 390 1979 animi
410 1925 517 1989 dubius,
535 1926 626 1979 verbis
645 1944 678 1979 ea
695 1927 802 1980 vincere
820 1945 949 1996 magnum

153 2005 241 2068 Quam
255 2004 298 2068 sit,
312 2007 341 2055 et
359 2003 481 2069 angustis
494 2002 565 2054 hune
578 2002 680 2055 addere
693 2002 775 2056 rebus
787 2004 932 2068 honorem;
971 2017 1007 2056 aaa

153 2081 209 2136 Sed
227 2097 271 2133 me
290 2079 402 2132 Parnasi
421 2079 532 2131 deserta
549 2095 599 2146 per
617 2078 703 2131 ardua
721 2078 807 2132 dulcis

154 2157 258 2224 Rapiat
276 2172 366 2220 am0r;
383 2155 459 2208 iuvat
476 2155 517 2207 ire
535 2154 611 2222 iugis,
630 2172 683 2222 qua
700 2155 774 2208 nulla
791 2155 911 2224 priorum

154 2233 301 2288 Castaliam
320 2231 393 2284 molli
412 2231 564 2284 devertitur
582 2231 672 2284 orbita
690 2232 764 2286 clivo,

189 2310 214 2362 N
217 2326 275 2374 unc,
296 2307 449 2361 veneranda
470 2307 557 2373 Pales,
575 2324 672 2375 magno
690 2325 761 2362 nunc
779 2326 826 2363 ore
848 2311 1004 2364 sonandum

155 2386 291 2454 Incipiens
310 2384 424 2437 stabulis
443 2383 519 2436 edico
537 2383 565 2436 in
583 2384 709 2437 mollibus
726 2385 840 2438 herbam
972 2400 1007 2438 aas

155 2464 274 2532 Carpere
292 2463 356 2528 ovis,
377 2461 441 2514 duni
462 2478 525 2514 mox
542 2461 670 2514 frondosa
687 2461 828 2515 reducitur
846 2465 942 2529 aestas,

155 2541 191 2594 nt
209 2539 296 2592 multa
315 2538 410 2591 duram
431 2538 531 2606 stipula
549 2537 704 2607 filicumque
722 2539 848 2607 maniplis

127 2617 135 2638 ⁴
154 2619 284 2672 Sternere
302 2616 397 2669 subter
416 2615 536 2682 humum,
554 2615 656 2682 glacies
673 2633 707 2669 ne
726 2615 825 2684 frigida
842 2615 935 2668 laedat

154 2693 238 2747 Molle
256 2710 346 2760 pecus,
367 2691 541 2760 scabiemque
560 2692 632 2746 ferat
651 2695 794 2762 turpisque
812 2691 954 2760 podagras.

155 2769 222 2822 Post
241 2769 303 2822 hinc
323 2769 461 2837 digressus
480 2767 561 2822 iubeo
579 2769 735 2822 frondentia
752 2769 840 2837 capris
972 2781 1009 2820 ³⁰0

155 2845 266 2900 Arbuta
285 2846 407 2898 sufficere
427 2849 455 2899 et
474 2845 570 2900 fluvios
588 2847 721 2916 praebere
739 2845 863 2910 recentia,

156 2923 192 2976 lit
211 2922 319 2976 stabula
337 2941 353 2975 a
373 2922 461 2976 ventis
480 2921 594 2976 hiberno
614 2940 751 2993 opponere
770 2921 819 2975 soli

158 2999 203 3052 Ad
220 2998 342 3052 medium
360 3015 491 3052 conversa
509 2999 587 3064 diem,
606 3018 667 3054 cum
686 2999 800 3067 frigidus
819 2997 883 3050 olim

157 3077 216 3128 lam
235 3075 309 3129 cadit
327 3081 506 3143 extremoque
524 3077 626 3131 inrorat
647 3077 785 3146 Aquarius
804 3091 881 3127 anno.

159 3154 235 3206 llaec
254 3170 363 3221 quoque
380 3169 434 3204 non
452 3169 518 3204 cura
534 3153 612 3206 nobis
630 3155 731 3208 leviore
749 3151 858 3206 tuenda.
974 3165 1009 3203 aas

156 3229 215 3282 Nec
232 3229 321 3347 mipor
338 3243 404 3282 usus
422 3225 482 3294 erit,
501 3231 625 3296 quamvis
643 3229 750 3284 Milesia
768 3245 866 3296 magno
