2234 3554
128 134 175 182 188
359 131 389 180 P.
407 131 562 180 VERGILI
580 131 747 182 MARONIS

129 213 193 266 Heu
210 213 323 265 nimium
342 211 377 264 de
394 215 424 265 te
441 215 525 277 rates,
544 211 657 278 Misene,
675 212 767 266 locuta
785 215 835 268 est.

121 289 187 342 'Vix
202 305 235 342 ea
252 289 325 343 fatus
343 291 410 355 erat,
428 289 551 355 geminae
569 304 629 340 cum
647 289 719 342 forte
737 289 877 344 columbae
947 308 983 347 no

129 365 194 433 Ipsa
212 365 262 418 sub
280 382 328 418 ora
346 365 397 417 viri
415 364 489 417 eaelo
507 380 606 417 venere
624 364 754 432 volantes,

129 441 166 495 Ilt
184 441 265 495 viridi
283 441 380 495 sedere
398 440 462 494 solo.
498 440 566 493 'lum
584 456 726 495 maxumus
745 442 825 496 heros
879 467 881 472 ·

129 517 271 572 Maternae
289 517 433 585 adgnoscit
449 533 522 585 aves,
540 516 684 586 laetusque
702 523 844 586 precatur:

130 594 196 648 Este
214 593 304 660 duces,
324 610 348 661 0,
365 594 389 646 si
408 609 462 661 qua
480 593 524 646 via
542 597 591 657 est,
608 609 770 663 cursumque
788 612 839 664 per
856 613 937 650 auras

130 669 248 738 Dirigite
266 671 294 722 in
312 670 393 737 lucos,
411 669 461 722 ubi
479 669 607 737 pinguem
626 669 703 724 dives
721 675 819 740 opacat
946 689 983 728 las

130 747 232 800 Ramus
250 747 368 798 humum
407 745 509 813 Tuque,
526 763 551 812 o,
569 745 658 798 dubiis
676 763 711 800 ne
730 747 816 802 defice
834 748 925 815 rebus,

131 823 199 876 lliva
216 839 322 891 parens.
359 821 403 875 Sic
420 822 518 875 effatus
535 821 651 890 vestigia
668 824 776 891 pressit,

128 897 291 966 Observans,
308 914 380 966 quae
398 897 476 966 signa
492 898 590 965 ferant,
609 915 662 966 quo
680 900 795 954 tendere
812 904 936 966 pergant

131 975 276 1028 Pascentes
294 974 357 1028 illae
375 978 481 1028 tanturn
501 975 612 1042 prodire
631 975 752 1045 volando,

129 1049 267 1114 Quantum
286 1051 343 1104 acie
361 1054 474 1119 possent
491 1051 561 1104 oculi
580 1067 688 1104 servare
706 1056 876 1120 sequentum.
945 1067 981 1108 aaa

130 1127 199 1180 Inde
216 1127 264 1180 ubi
282 1144 380 1181 venere
400 1127 436 1180 ad
454 1127 545 1180 fauces
562 1128 747 1195 graveolentis
766 1129 876 1194 Averni,

128 1203 237 1257 'fallunt
255 1221 284 1257 se
302 1204 413 1270 celeres,
432 1203 620 1272 liquidumque
637 1221 687 1273 per
705 1221 768 1258 aera
785 1205 877 1274 lapsae

128 1278 245 1332 Sedibus
262 1281 364 1348 optatis
382 1281 507 1347 geminae
526 1297 608 1348 super
626 1279 722 1334 arbore
740 1281 842 1344 sidrmt,

129 1355 253 1409 Discolor
270 1356 343 1408 unde
361 1356 420 1408 auri
438 1373 488 1424 per
506 1373 595 1410 ramos
613 1373 680 1410 aura
698 1356 811 1410 refulsit.

128 1432 214 1495 Quale
232 1432 301 1485 solet
319 1431 392 1484 silvis
411 1431 528 1484 brumali
547 1432 650 1500 frigore
669 1433 771 1486 viscum
944 1445 980 1486 aaa

129 1507 238 1561 Fronde
255 1509 344 1560 virere
362 1524 437 1572 nova,
456 1508 531 1576 quod
549 1525 603 1561 non
623 1525 671 1562 sua
689 1509 805 1562 seminat
822 1507 911 1575 arbos,

129 1585 166 1638 llt
181 1600 277 1638 croceo
295 1585 354 1637 fetu
372 1584 469 1637 teretis
488 1584 657 1638 circumdare
675 1589 799 1639 truncos:

128 1660 200 1714 'Palis
219 1663 278 1714 orat
293 1658 401 1728 'speeies
419 1659 479 1713 auri
498 1660 651 1714 frondentis
669 1677 754 1730 opaca

129 1736 203 1804 llice,
221 1737 258 1790 sio
276 1736 330 1790 leni
348 1736 503 1804 crepitabat
521 1735 632 1791 bractea
649 1740 739 1790 vento.

127 1813 248 1881 Corripit
267 1814 377 1866 Aeneas
395 1813 533 1882 extemplo
552 1813 702 1882 avidusque
720 1812 847 1881 refringit
945 1825 981 1866 21⁰

36 1925 38 1930 ·
128 1889 315 1957 Cunctantem,
333 1893 362 1942 et
380 1888 450 1944 ratis
468 1893 561 1958 portat
580 1890 631 1943 sub
650 1893 723 1944 tecta
742 1889 867 1957 Sibyllae.

163 1966 188 2019 N
191 1983 221 2019 eo
239 1966 328 2018 minus
346 1967 453 2020 interea
471 1966 607 2020 Misenum
626 1966 654 2018 in
672 1967 752 2019 litore
771 1965 865 2018 Teucri

128 2041 252 2110 Flebant,
271 2046 300 2096 et
318 2043 402 2096 cineri
420 2043 529 2111 ingrato
548 2059 674 2111 suprema
691 2041 822 2096 ferebant.

128 2117 264 2188 Principio
281 2120 410 2187 pinguem
428 2120 518 2173 taedis
537 2123 566 2172 ct
585 2119 681 2172 robore
700 2123 774 2172 secto

128 2195 272 2264 Ingentem
290 2199 417 2249 struxero
435 2213 537 2264 pyram,
555 2196 599 2248 eui
616 2194 760 2248 frondibus
778 2193 845 2248 atris
947 2207 983 2247 215

128 2272 260 2326 Iutexunt
278 2273 374 2338 latera,
393 2276 422 2325 et
440 2273 532 2325 feralis
551 2275 614 2326 aute
633 2287 774 2341 cupressos

126 2347 312 2413 Corrstituunt,
330 2347 517 2415 decorantque
536 2365 618 2416 super
635 2346 804 2416 fulgentibus
821 2350 911 2402 armis.

128 2423 196 2478 Pars
213 2423 316 2476 calidos
334 2423 428 2476 latices
447 2427 476 2476 et
495 2441 563 2476 aena
580 2425 713 2478 undantia
731 2422 846 2476 flammis

128 2499 293 2568 lepcdiunt,
313 2514 465 2567 corpusque
484 2499 575 2553 lavant
594 2501 718 2569 frigentis
736 2504 765 2553 et
783 2501 915 2567 unguunt.

128 2576 176 2630 llit
193 2575 318 2643 gemitus.
356 2576 425 2630 'lum
443 2575 567 2628 membra
586 2581 646 2630 toro
665 2577 766 2630 delleta
783 2577 928 2640 reponunt,
947 2589 984 2630 aaa

129 2652 340 2721 Purpureasque
359 2668 442 2720 super
460 2656 558 2718 vestes,
578 2654 710 2708 velamina
728 2654 800 2719 nota,

128 2729 288 2783 Coniioiunt.
328 2729 395 2782 Pars
413 2729 519 2795 ingenti
536 2729 645 2784 subiere
665 2729 776 2794 feretro,

129 2805 219 2859 Triste
237 2805 427 2872 ministerium,
446 2808 476 2858 et
493 2805 643 2858 subiectam
661 2821 738 2858 more
755 2807 901 2870 parentum

130 2882 229 2936 Aversi
247 2886 361 2935 tenuere
379 2882 473 2935 facem.
512 2881 648 2948 Congesta
665 2881 824 2934 cremantur

127 2958 217 3010 'furca
235 2957 312 3024 dona,
332 2957 423 3024 dapes,
442 2958 502 3010 fuso
521 2961 643 3010 crateres
661 2956 738 3009 olivo.
948 2967 985 3008 aas

129 3034 279 3101 Postquam
296 3033 415 3101 conlapsi
432 3034 537 3086 cineres
555 3035 584 3086 et
602 3033 711 3086 flamma
729 3030 841 3100 quievit,

129 3108 268 3175 Reliquias
285 3110 348 3162 vino
367 3113 396 3163 et
413 3108 535 3161 bibulam
554 3109 644 3161 lavero
662 3107 789 3174 favillam,

129 3183 253 3254 Ossaque
271 3184 342 3238 lecta
360 3185 427 3238 endo
446 3186 517 3239 texit
538 3184 693 3251 Corynaeus
711 3199 787 3240 aeno.
