2232 3556
109 133 176 180 aas
384 131 413 179 P.
433 105 589 181 vnnerm
610 132 778 181 muamus
824 171 827 176 r

129 211 272 280 Messapus
291 211 470 280 Cloniumque
489 212 709 280 Lycaoniumque
728 213 861 280 Ericeteu,

129 286 211 340 Illum
229 288 342 342 infrenis
360 288 424 355 equi
442 289 520 357 lapsu
538 289 636 342 tellure
654 290 795 354 iacentem,
947 303 986 344 75⁰

130 363 211 416 Hunc
229 365 352 432 peditem
371 364 463 432 pedes.
500 365 537 418 Et
556 365 653 433 Lycius
671 368 841 433 processerat
861 365 948 432 Agis;

129 437 216 502 Quem
234 444 326 494 temen
344 439 419 493 haud
436 457 535 508 expers
557 441 670 494 Valerus
689 442 799 495 virtutis
817 441 907 494 avitae

127 513 244 582 Deiicit;
263 520 295 570 at
311 516 460 569 Thronium
479 516 574 582 Saline,
594 517 751 585 Saliumque
771 517 892 582 Nealces,

128 591 247 660 Insignis
265 593 353 646 iaculo
372 597 401 646 et
419 593 499 660 longe
517 593 630 646 fallente
648 594 755 661 sagitta.

162 668 221 720 lam
240 670 333 736 gravis
352 668 488 736 aequabat
506 669 595 722 luctus
613 672 642 722 et
660 674 756 722 mutua
774 668 885 722 Mavors
947 682 984 723 rae

127 741 248 809 Funera,
267 745 420 798 caedebant
437 745 540 813 pariter
557 745 715 814 pariterque
733 745 850 798 ruebant

127 824 252 878 Victores
270 827 405 894 victique;
423 843 513 895 neque
531 827 574 879 his
591 827 655 894 fuga
672 831 745 894 nota,
763 843 852 892 nequo
870 825 932 879 illis

127 899 161 951 Di
181 901 254 954 Iovis
272 902 300 954 in
318 903 400 955 tectis
418 902 487 956 iram
505 903 672 956 miserantur
688 903 795 956 inanem

127 975 285 1042 Amborum,
305 982 334 1030 et
352 981 444 1031 tantos
462 977 622 1032 mortalibus
640 995 700 1032 esse
717 979 838 1044 lahores3

126 1051 199 1106 Hinc
217 1053 319 1118 Venus,
337 1054 400 1108 hinc
418 1059 512 1108 contra
530 1058 636 1122 spectat
655 1055 783 1108 Saturnia
802 1055 876 1110 luno.
942 1072 982 1112 rm

127 1123 233 1182 Pallida
252 1131 397 1198 Tisiphone
415 1131 507 1184 media
524 1130 597 1183 inter
614 1131 690 1184 milia
709 1131 802 1184 saevit.

127 1205 168 1257 At
185 1223 250 1258 vero
268 1207 406 1274 ingentem
428 1207 556 1274 quatiens
575 1207 729 1260 Mezentius
748 1207 853 1261 hastam

126 1279 262 1335 Turbidus
280 1283 437 1350 ingreditur
455 1299 556 1351 campo.
594 1283 681 1346 Quam
699 1300 813 1351 magnus
833 1284 924 1352 Orion,

126 1357 194 1410 Cum
212 1359 298 1426 pedes
315 1360 419 1412 incedit
436 1359 520 1412 medii
540 1376 590 1428 per
607 1376 735 1412 maxuma
753 1360 836 1413 Nerei

126 1433 228 1502 Stagna
245 1436 316 1488 viam
335 1435 467 1502 scindens,
486 1435 599 1488 humero
617 1439 801 1502 supereminet
819 1438 914 1503 undas,
940 1453 979 1494 ναί

127 1511 192 1577 Aut,
212 1512 324 1563 summis
341 1512 463 1564 referens
480 1528 608 1564 annosam
627 1511 765 1565 montibus
783 1529 887 1581 ornum,

128 1585 340 1654 ingrediturque
359 1587 415 1640 solo
432 1590 462 1639 et
479 1591 562 1654 caput
579 1588 652 1640 inter
669 1587 762 1642 nubila
780 1589 885 1644 condit:
992 1581 996 1591 ’

125 1661 196 1713 Talis
214 1677 243 1713 se
260 1663 344 1714 vastis
362 1663 445 1716 infert
464 1663 616 1716 Mezentius
634 1664 724 1717 armis.

126 1736 197 1788 Huic
215 1740 310 1789 contra
328 1739 444 1802 Aeneas,
464 1739 619 1806 speculatus
637 1741 665 1792 iu
684 1741 792 1808 agmine
809 1741 896 1810 longo,

125 1811 227 1864 Obvius
245 1813 286 1866 ire
304 1817 390 1880 parat.
426 1813 521 1868 Manet
539 1815 732 1884 inperterritus
749 1816 802 1882 ille,
938 1833 978 1875 πο

125 1888 241 1942 Hostem
258 1891 459 1957 magnanimum
476 1892 629 1959 opperiens,
647 1897 676 1946 et
694 1893 765 1946 mole
783 1910 833 1947 sua
850 1897 921 1961 stat3

124 1966 217 2033 Atque
229 1966 313 2018 oculis
325 1967 444 2033 spatium
457 1982 590 2034 emensus,
601 1972 737 2035 ‘quantum
751 1971 818 2023 satis
830 1970 927 2026 hastae
939 1993 946 2027 :

124 2040 228 2098 Dextra
246 2041 312 2094 mihi
331 2041 398 2094 deus
417 2046 446 2094 et
463 2041 558 2110 telum,
577 2044 651 2112 quod
670 2045 772 2098 missile
791 2046 868 2114 libro,

124 2117 147 2169 N
151 2134 202 2170 unc
221 2117 324 2170 adsint!
346 2118 439 2171 Voveo
457 2119 604 2186 praedonis
622 2135 735 2188 corpore
754 2123 840 2190 raptis

123 2193 253 2246 indutum
272 2193 365 2261 spoliis
383 2194 472 2262 ipsum
491 2197 528 2259 te,
548 2194 645 2261 Lause,
663 2200 807 2264 tropaeum
936 2213 976 2254 775

123 2271 242 2324 Aeneae.
279 2269 364 2335 Dixit,
382 2269 599 2338 stridentemque
618 2272 722 2325 eminus
740 2272 845 2326 hastam

122 2345 209 2408 lecit;
225 2349 254 2398 at
272 2346 318 2397 illa
335 2345 428 2398 volans
446 2346 532 2412 clipeo
550 2352 593 2400 est
612 2365 732 2414 excussa,
751 2351 899 2419 proculque

121 2421 269 2488 Egregium
290 2421 413 2473 Antoren
431 2422 503 2474 latus
520 2423 594 2476 inter
611 2429 641 2477 et
657 2425 704 2478 ilia
721 2425 789 2494 figit,

122 2497 249 2550 Herculis
269 2498 393 2549 Antoren
412 2497 545 2560 comitem,
565 2499 613 2565 qui
631 2500 729 2554 missus
747 2500 782 2554 ab
801 2503 885 2570 Argis
950 2511 953 2515 “

122 2574 257 2626 Haeserat
277 2572 411 2633 Euandro,
430 2577 513 2641 atque
533 2574 605 2628 Itala
622 2577 783 2630 consederat
801 2579 876 2646 urbo.
936 2594 976 2635 reo

120 2649 259 2702 Sternitur
277 2649 370 2701 infelix
389 2649 477 2702 alieno
489 2650 607 2717 volnere,
626 2653 787 2721 caelumque

122 2726 235 2793 Aspicit,
249 2729 277 2778 et
295 2725 382 2778 dulcis
400 2725 518 2778 moriens
535 2728 721 2782 reminiscitur
741 2732 837 2798 Argos

118 2801 187 2852 Tum
205 2802 267 2868 pius
287 2806 395 2855 Aeneas
412 2801 519 2854 hastam
538 2803 618 2867 iacit3
635 2805 682 2857 illa
699 2821 748 2872 per
766 2805 858 2859 orbem

123 2877 194 2928 Aere
213 2893 308 2930 cavum
327 2877 435 2946 triplici,
454 2894 504 2945 per
521 2878 593 2931 linea
611 2883 696 2948 terga,
716 2881 860 2949 tribusque

120 2951 237 3006 Transiit
252 2953 390 3006 intextum
408 2954 494 3007 tauris
513 2970 586 3021 opus
605 2955 714 3024 imaque
733 2957 805 3011 sedit
934 2975 973 3016 7⁸5

121 3027 250 3092 lnguine;
270 3029 319 3082 sed
337 3029 402 3081 viris
420 3029 494 3081 haud
511 3030 633 3095 pertulit.
672 3032 754 3084 Ocius
772 3050 864 3088 ensem

121 3102 236 3168 Aeneas,
255 3105 312 3156 viso
332 3104 463 3171 Tyrrheni
481 3105 611 3170 sanguine
629 3105 723 3172 laetus,

119 3172 209 3241 Eripit
227 3194 243 3229 a
261 3179 367 3244 fernme,
386 3182 415 3231 et
432 3179 583 3246 trepidanti
600 3179 722 3234 fervidus
740 3184 833 3238 instat.
