2234 3554
105 145 151 191 aar
185 127 190 143 '
340 141 367 188 r.
387 139 543 188 vaaerm
560 139 727 190 Mnaorus

101 223 209 291 Agmen
227 239 310 290 agens
329 221 443 276 Clausus
461 221 608 291 magnique
624 221 683 290 ipse
701 222 817 290 agminis
834 223 928 292 instar,

100 298 215 352 Claudia
231 315 303 352 nunc
321 316 337 352 a
355 316 409 368 quo
429 299 592 352 diffunditur
609 303 638 352 et
656 299 745 352 tribus
763 303 792 354 et
809 317 877 368 gens

101 375 155 429 Per
181 376 294 442 Latium,
313 379 458 444 postquam
476 376 504 428 in
522 379 628 442 partem
647 375 713 428 data
732 375 819 429 Roma
838 375 952 432 Sabinis

100 452 161 506 Una
179 453 273 521 ingens
292 452 438 506 Amiterna
456 452 552 505 cohors
570 453 709 520 priscique
727 452 855 519 Quirites,
918 467 953 507 aro

99 529 175 584 Ereti
193 545 289 582 manus
307 529 393 582 omnis
411 529 604 596 oliviferaeque
623 529 780 593 Mutuscae;

100 605 152 670 Qui
170 605 336 659 Numenium
355 605 458 674 urbem,
477 605 524 672 qui
543 605 632 658 Rosea
650 620 715 656 rura
733 604 831 670 Velini,

100 682 152 747 Qui
170 681 294 735 Tetricae
313 681 448 734 horrentis
467 697 550 750 rupes
568 684 744 749 montemque
763 681 893 734 Severum

101 758 312 826 Casperiamque
330 757 421 810 colunt
440 758 607 825 Forulosque
626 760 655 810 et
678 757 778 810 flumen
802 757 953 815 Himellae;

100 835 152 899 Qui
165 833 284 886 Tiberim
300 833 480 902 Fabarimque
492 833 598 902 bibunt,
616 850 683 901 quos
695 833 795 902 frigida
806 833 882 887 misit
916 847 953 888 ⁷1⁵

99 909 204 975 Nursia,
223 914 252 964 et
271 911 406 964 Hortinae
424 911 523 964 classes
540 910 689 978 populique
708 910 814 976 Latini;

99 985 228 1056 Quosque
246 1003 339 1040 secans
357 987 505 1041 infaustum
524 987 646 1040 interluit
665 986 739 1040 Allia
752 1003 862 1041 nomen:

99 1063 187 1128 Quam
204 1065 283 1118 multi
303 1065 403 1133 Libyco
420 1065 567 1118 volvuntur
584 1079 720 1116 marmore
737 1063 843 1132 fluctus,

99 1140 202 1194 Saevus
220 1141 266 1193 ubi
287 1141 371 1193 Orion
390 1141 510 1194 hibernis
529 1140 655 1194 conditur
672 1138 769 1204 undis;

99 1216 152 1270 Vel
170 1233 231 1270 cum
250 1218 306 1270 sole
323 1234 392 1270 novo
410 1217 512 1270 densae
529 1220 671 1270 torrentur
688 1216 797 1283 aristae,
916 1231 953 1270 aro

101 1297 160 1347 Aut
179 1294 276 1346 Hermi
294 1310 395 1362 canapo,
414 1297 461 1346 aut
479 1293 577 1362 Lyciae
596 1291 759 1346 flaventibus
777 1292 854 1345 arvis.

100 1369 184 1424 Scuta
202 1373 305 1437 sonant,
325 1369 461 1438 pulsuque
477 1369 579 1438 pedum
598 1369 747 1422 conterrita
764 1367 853 1422 tellus.

135 1445 208 1498 Hinc
227 1447 465 1514 Agamemnonius,
484 1445 592 1500 Troiani
610 1446 725 1499 nominis
743 1444 837 1512 hostis,

101 1521 190 1576 Curru
206 1522 295 1589 iungit
314 1522 448 1575 Halaesus
466 1539 558 1592 equos,
578 1523 723 1591 Turnoque
741 1521 839 1574 ferocis

98 1599 176 1652 'Mille
194 1599 266 1666 rapit
283 1598 403 1666 populos,
423 1603 535 1653 vertunt
552 1599 642 1653 felicia
661 1596 768 1652 Baecho
915 1610 953 1651 rm

100 1675 216 1729 Massica
234 1675 281 1742 qui
299 1675 401 1742 rastris,
421 1679 449 1728 et
468 1693 535 1744 quos
554 1677 589 1730 de
607 1676 722 1729 collibus
739 1671 804 1727 altis

102 1752 223 1805 Aurunci
240 1751 339 1804 misere
356 1754 450 1820 patres
469 1752 642 1821 Sidicinaque
660 1753 739 1806 iuxta

101 1830 238 1897 Aequora,
257 1827 357 1897 quique
376 1828 456 1882 Cales
473 1828 607 1897 linquunt,
626 1829 767 1898 amnisque
785 1825 878 1880 vadosi

100 1904 202 1959 Accola
221 1904 354 1972 Volturni,
372 1905 531 1973 pariterque
549 1905 684 1959 Saticulus
702 1921 782 1974 asper

92 1981 286 2050 ‘Oscorumque
303 1997 407 2035 manus.
443 1981 556 2035 Teretes
575 1985 638 2034 sunt
656 1980 765 2048 aclydes
781 1979 836 2032 illis
915 1992 953 2032 rs)

100 2057 180 2124 Tela;
198 2058 247 2110 sed
265 2058 332 2111 haec
349 2057 424 2110 lento
442 2073 501 2110 mos
519 2061 562 2111 ost
580 2061 676 2124 aptare
692 2056 806 2124 flagello.

100 2133 203 2188 Laenas
221 2137 297 2187 cetra
314 2134 399 2201 tegit3
416 2133 509 2187 falcati
528 2134 675 2186 comminus
693 2149 778 2186 enses.

134 2210 159 2262 N
162 2227 192 2264 eo
210 2215 241 2264 tu
259 2209 424 2263 carminibus
441 2211 543 2263 nostris
561 2209 679 2262 indictus
696 2209 791 2276 abibis,

100 2286 210 2353 Oebale,
229 2303 310 2354 quem
327 2301 473 2352 generasse
492 2285 575 2339 Telon
594 2285 742 2339 Sebethide
759 2284 879 2355 nympha

102 2363 208 2428 Fertur,
228 2361 374 2414 Teleboum
393 2361 512 2430 Capreas
529 2379 590 2417 cum
608 2379 692 2430 regna
709 2365 825 2430 teneret,
915 2375 953 2415 rae

102 2439 158 2492 lam
178 2439 282 2500 senior3
299 2439 397 2505 patriis
414 2438 463 2492 sod
482 2456 535 2492 non
554 2443 583 2493 et
601 2440 672 2492 lilius
688 2440 761 2492 arvis

100 2516 252 2569 Contentus
270 2513 326 2567 late
344 2514 397 2566 iam
416 2518 476 2568 tum
495 2515 600 2570 dicione
618 2515 761 2585 premebat

101 2592 231 2645 Sarrastis
250 2591 364 2660 populos
382 2595 411 2645 et
430 2609 500 2659 quae
518 2593 590 2660 rigat
608 2609 728 2660 aequora
745 2591 855 2658 Sarnus,

101 2668 207 2736 Quique
217 2667 317 2720 Rufras
325 2667 509 2736 Batulumque
518 2671 614 2722 tenent
622 2671 705 2737 atque
718 2685 784 2721 arva
796 2668 951 2733 Celemnae,

100 2744 135 2798 Et
154 2761 222 2812 quos
239 2744 379 2796 maliferae
397 2745 558 2813 despectant
575 2745 681 2798 moenia
701 2743 823 2811 Abellae,
915 2757 953 2799 aso

100 2819 247 2873 Teutonico
265 2819 322 2872 ritu
340 2819 412 2872 soliti
431 2824 560 2888 torquere
578 2821 693 2885 cateias;

99 2895 230 2962 Tegmina
247 2895 308 2964 quis
326 2895 445 2962 capitum
463 2898 558 2962 raptus
576 2895 611 2948 de
629 2896 726 2950 subere
744 2900 846 2962 cortex,

101 2970 276 3038 Aerataeque
293 2969 395 3022 micant
411 2969 508 3038 peltae,
527 2970 610 3023 micat
626 2987 724 3024 aereus
741 2972 819 3024 ensis.

134 3044 217 3110 litte
235 3048 375 3098 montosae
393 3045 492 3097 misere
509 3045 536 3096 in
554 3045 657 3112 proelia
675 3047 786 3114 Nersae,

86 3117 194 3184 ¹Ufens,
212 3121 344 3188 insignem
361 3120 435 3172 fama
453 3124 481 3173 et
499 3120 622 3174 felicibus
639 3123 735 3184 armis;
915 3137 952 3178 rso

101 3191 222 3248 Horrida
240 3196 383 3266 praecipue
401 3195 444 3252 cui
462 3212 537 3265 gens,
555 3197 723 3267 adsuetaque
741 3199 828 3254 multo
