2242 3550
402 181 588 232 BUCOLIOA.
624 183 699 232 EOL.
719 183 752 231 X.
976 184 1006 230 23

153 265 216 318 Non
233 263 311 318 illum
329 264 415 318 nostri
433 267 547 332 possunt
565 267 673 319 mutare
691 263 804 334 labores,

153 340 179 394 N
182 357 213 394 eo
230 341 252 394 si
269 340 416 408 frigoribus
435 340 533 394 mediis
553 341 734 408 Hebrumque
753 341 877 394 bibamus
982 357 1008 396 so

154 417 347 486 Sithoniasque
365 418 440 470 nives
458 417 554 472 hiemis
573 417 717 472 subeamus
735 435 860 486 aquosae,

153 493 180 548 N
182 510 214 548 ee
231 493 262 562 si,
281 511 343 547 cum
361 495 479 547 moriens
497 496 552 547 alta
571 495 719 547 liberaret
738 494 765 546 in
784 493 863 560 ulmo,

157 570 324 639 Aethiopum
342 587 481 624 versemus
500 571 557 623 ovis
576 570 626 623 snb
646 571 736 624 sidere
755 570 860 624 Cancri.

155 647 253 700 Omnia
271 647 355 700 vineit
375 649 476 712 Am0r;
498 651 527 700 et
545 664 593 700 nos
612 647 740 700 cedamus
761 647 865 701 Amori.

191 725 268 778 Haec
287 728 330 777 sat
348 725 408 790 erit,
426 724 512 791 divae,
531 729 653 777 vestrum
672 724 803 777 cecinisse
820 729 937 794 poetam,
984 741 1009 780 ro

155 801 229 854 Dum
248 801 326 866 sedet
344 805 372 854 et
389 801 484 868 gracili
504 802 630 854 fiscellam
650 801 723 854 texit
741 801 851 869 hibisco,

157 877 295 938 Pierides:
315 895 362 931 vos
380 878 446 930 haec
464 877 568 931 facietis
587 895 714 932 maxuma
734 877 819 945 Gaiio,

156 955 242 1021 Gallo,
261 956 336 1008 cuius
355 971 430 1007 arnor
448 958 555 1007 tantum
575 955 641 1007 mihi
660 954 758 1009 erescit
776 955 804 1008 in
821 956 908 1022 horas,

157 1033 294 1096 Quantum
312 1048 376 1084 vere
394 1047 463 1084 novo
481 1031 576 1084 viridis
595 1047 624 1084 se
643 1031 752 1084 subiicit
769 1031 853 1084 alnus.

157 1109 318 1176 Surgamus:
339 1108 409 1162 solet
428 1124 487 1161 esse
504 1108 595 1176 gravis
613 1107 785 1162 cantantibus
803 1107 915 1174 umbra;
985 1123 1009 1164 ro

159 1185 281 1253 iuniperi
298 1184 389 1252 gravis
405 1185 517 1249 umbra3
538 1189 637 1239 nocent
655 1188 685 1238 et
700 1179 828 1252 frugibus
845 1184 963 1239 umbrae.

158 1261 204 1315 Ite
221 1261 332 1314 domum
349 1265 467 1322 saturae,
485 1261 561 1314 venit
577 1262 728 1333 Hesperus,
749 1260 786 1316 ite
804 1261 930 1321 omeliae.
1029 1263 1036 1275 '
