2234 3554
376 538 407 588 P.
424 536 579 587 VERGILI
596 534 762 584 MARONIS

341 691 799 769 AENEIDOS

400 895 517 949 LIBER
547 893 742 948 SEPTIMUS.

518 1056 620 1082 -μ-

148 1169 189 1224 'l'u
207 1184 316 1238 quoque
332 1167 459 1221 litoribus
476 1169 584 1232 nostris,
605 1170 710 1222 Aeneia
726 1169 828 1236 nutrix,

149 1247 300 1300 Aeternam
317 1243 436 1297 moriens
454 1243 561 1309 famam,
582 1245 684 1312 Caieta,
704 1244 819 1310 dedisti,

148 1322 185 1374 Et
202 1337 273 1373 nune
291 1323 381 1373 servat
398 1319 482 1372 honos
501 1320 595 1373 sedern
613 1324 685 1388 tuus,
704 1337 820 1390 ossaque
838 1338 936 1375 nomen

149 1397 285 1464 Hesperia
302 1395 331 1447 in
348 1411 454 1463 magna,
473 1396 496 1448 si
514 1413 568 1464 qua
587 1401 629 1450 cst
648 1413 679 1450 ea
696 1397 790 1465 gloria,
810 1397 906 1461 signat.

149 1473 190 1526 At
207 1473 269 1541 pius
287 1471 424 1538 exsequiis
443 1473 551 1524 Aeneas
570 1473 623 1526 rite
642 1473 745 1539 solutis,
987 1489 1000 1526 a

149 1550 261 1616 Aggere
278 1547 418 1615 conposito
435 1548 541 1614 tumuli,
559 1553 703 1618 postquam
721 1550 777 1603 alta
795 1550 924 1618 quierunt

149 1626 287 1693 Aequora,
304 1622 396 1676 tendit
412 1622 467 1675 iter
486 1623 560 1691 velis,
577 1630 742 1694 portumque
761 1626 898 1694 relinquit

150 1701 302 1770 Adspirant
319 1715 401 1753 aurae
417 1699 445 1751 in
463 1704 580 1768 noctem,
597 1715 648 1755 nee
666 1701 782 1755 candida
800 1717 894 1755 cursus

149 1777 227 1830 Luna
244 1779 335 1845 negat,
355 1775 480 1844 splendet
497 1779 614 1830 tremulo
634 1777 684 1830 sub
703 1777 803 1830 lumine
821 1780 926 1846 pontus

149 1854 287 1907 Proxuma
305 1853 432 1908 Circaeae
450 1853 584 1907 raduntur
602 1853 683 1907 litora
704 1857 802 1922 terrae,
975 1869 998 1908 ιο

150 1929 233 1982 Dives
250 1929 400 1983 inaccessos
418 1929 465 1982 ubi
484 1929 554 1982 Solis
572 1930 627 1983 lilia
644 1930 717 1984 lucos

150 2006 276 2059 Adsiduo
293 2009 403 2061 resonat
421 2009 509 2072 cantu,
528 2007 663 2074 tectisque
682 2006 806 2075 snperbia

149 2082 215 2136 Urit
232 2083 374 2136 odoratam
392 2087 524 2136 nocturna
541 2083 567 2134 in
587 2083 691 2135 lumina
709 2082 828 2152 cedrum,

150 2160 260 2228 Arguto
278 2161 367 2214 tenuis
384 2176 547 2229 percurrens
567 2159 673 2228 pectine
692 2159 768 2212 telas.

151 2235 223 2289 Hine
240 2237 363 2290 exaudiri
381 2235 498 2303 gemitus
517 2236 630 2303 iraeque
648 2235 762 2300 leonum,
975 2251 999 2290 15

150 2311 246 2366 Vincla
263 2316 436 2365 recusantum
455 2315 484 2363 et
502 2329 562 2364 sera
581 2311 632 2363 sub
650 2315 730 2365 nocto
748 2314 904 2382 rudentum,

151 2387 338 2456 Saetigerique
357 2403 418 2440 sues
437 2391 520 2456 atque
538 2389 565 2439 in
584 2387 762 2456 praesepibus
780 2389 836 2442 ursi

150 2463 266 2528 Saeiire,
285 2480 316 2515 ae
334 2463 436 2515 formae
454 2479 612 2531 magnorum
631 2465 736 2518 ululare
755 2465 886 2534 luporum,

151 2540 224 2604 Quos
242 2540 379 2593 hominum
398 2555 432 2592 ex
450 2539 518 2592 facio
536 2540 588 2593 dee
607 2557 687 2594 saeva
704 2541 865 2610 potentibus
876 2541 977 2596 herbis

150 2615 284 2669 induerat
303 2615 380 2669 Circe
398 2615 425 2668 in
444 2615 533 2669 uoltus
551 2633 582 2670 ae
601 2621 679 2685 terga
696 2618 820 2672 serarum.
976 2633 999 2672 w

151 2691 278 2754 Quaene
296 2695 417 2745 monstra
433 2693 472 2762 pii
490 2696 652 2762 paterentur
670 2693 736 2747 talia
754 2695 837 2750 Troes

150 2767 242 2822 Delati
259 2769 288 2822 in
306 2773 410 2838 portus,
427 2786 481 2823 neu
499 2769 579 2822 litora
598 2769 658 2822 dira
676 2770 808 2836 subirent,

150 2843 295 2914 Neptunus
313 2846 401 2900 ventis
419 2845 533 2914 inplevit
551 2845 611 2898 vela
629 2846 761 2912 secundis,

152 2921 246 2991 Atque
264 2922 356 2990 fugam
376 2922 462 2987 dedit,
481 2925 510 2974 ct
527 2925 638 2988 praeter
656 2922 728 2975 vada
745 2923 852 2976 fervida
869 2924 951 2978 vexit

184 2998 300 3066 Iamque
317 2996 480 3050 rubescebat
497 2997 581 3049 radiis
601 3013 683 3064 mare,
701 3002 731 3052 et
749 2999 861 3053 aethere
879 2999 914 3053 ab
931 2997 989 3054 alto

154 3076 262 3126 Aurora
278 3072 307 3124 in
325 3072 411 3126 roseis
428 3071 552 3140 fulgebat
570 3072 645 3126 lutea
662 3073 746 3141 bigis:

153 3141 222 3201 (lum
239 3149 313 3201 renti
331 3164 455 3216 posuere,
472 3147 614 3214 omnisque
632 3152 745 3216 repente
763 3153 867 3205 resedit

153 3221 257 3290 Fletus,
274 3225 304 3276 ot
320 3223 349 3276 in
367 3222 441 3278 lento
458 3221 597 3276 luctantur
614 3237 750 3278 marmore
768 3229 869 3282 tonsae.
