2274 3554
423 139 606 188 ansuinus
629 139 698 187 nra.
723 138 772 186 ru.
911 109 914 119 '
972 141 1016 187 151

165 225 274 278 Invidia
291 224 351 276 esti
388 220 425 273 Et
442 236 492 273 nos
509 220 550 272 fas
568 223 664 274 entem
682 236 815 287 quaerere
832 235 927 287 regna.
982 234 1018 274 ese

164 301 212 354 Me
229 300 315 368 patris
334 294 477 362 Anchisae,
496 297 622 364 quotiens
641 295 817 350 humentibus
835 295 939 350 umbris

164 377 189 429 N
192 393 228 430 ox
246 374 335 444 operit
352 377 449 439 terras,
471 373 598 441 quotiens
617 376 692 425 astra
709 373 790 440 ignea
809 375 932 440 surgunt,

165 452 305 506 Admonet
323 451 351 502 in
370 449 471 502 somnis
489 452 519 502 et
537 448 650 502 turbida
668 451 757 502 terret
775 449 880 516 imag03

164 529 210 582 Me
227 545 296 598 puer
315 526 448 578 Ascanius
465 525 616 593 capitisque
633 525 732 578 iniuria
749 525 811 592 cari,

164 606 251 669 Quem
270 619 354 670 regno
374 601 525 670 Hesperiae
542 602 640 655 fraude
658 606 687 655 et
705 601 834 656 fatalibus
852 603 931 656 amis.
983 619 1020 658 ess

166 682 243 734 Nunc
261 680 344 732 etiam
361 679 498 747 interpres
516 678 614 745 divom,
635 679 700 732 leve
719 679 817 732 missus
836 679 871 732 ab
888 681 983 749 ipse-

91 790 96 813 l
164 759 262 811 ¹leston
279 760 428 824 utrumque
446 756 661 825 caput—celeris
679 756 811 810 mandata
829 773 878 824 per
895 773 976 811 auras

165 834 286 898 Detulit;
305 833 364 902 ipse
382 833 464 885 deum
483 833 628 887 manifesto
646 833 673 885 in
692 833 794 886 lumine
812 832 868 886 vidi

165 911 319 965 intrantem
337 927 437 974 mures,
455 926 603 978 vocemque
621 909 664 962 his
682 909 794 963 auribus
812 910 896 963 hausi.

166 987 265 1041 Desine
283 1003 381 1055 meque
398 987 454 1039 tuis
472 986 618 1039 incendere
636 989 721 1054 teque
737 985 871 1055 querelis;
983 1001 1019 1040 see

166 1065 275 1118 ltaliam
293 1079 345 1116 non
364 1067 461 1131 sponte
479 1079 583 1130 sequor.

199 1141 273 1195 Talia
291 1140 426 1194 dicentem
445 1138 607 1192 iamdudum
625 1155 721 1192 aversa
738 1141 839 1206 tuetur,
881 1181 889 1190 .

165 1218 229 1271 Huc
246 1217 310 1270 illuc
329 1215 438 1268 volvens
457 1214 555 1277 oculos,
574 1218 719 1284 totumque
736 1217 864 1284 pererrat

164 1293 324 1346 Luminibus
343 1292 442 1359 tacitis,
462 1294 491 1345 et
509 1291 548 1344 sic
565 1307 679 1344 accensa
697 1293 836 1360 profatur:

165 1371 222 1424 Nec
234 1370 284 1422 tibi
297 1369 360 1422 diva
372 1385 479 1436 parens,
491 1368 599 1437 generis
611 1384 661 1421 nec
673 1367 819 1422 Dardanus
831 1372 933 1438 auctor,
983 1383 1019 1423 aas

168 1446 289 1510 Perfide;
310 1445 360 1499 sed
378 1445 455 1498 duris
473 1444 569 1512 genuit
587 1447 617 1498 te
636 1444 762 1498 cautibus
779 1444 894 1498 horrens

165 1522 306 1589 Caucasus,
326 1523 525 1590 Hyrcanaeque
544 1521 691 1576 admorunt
710 1521 795 1576 ubam
812 1522 906 1589 tigres.

165 1597 235 1652 Nam
248 1599 315 1668 quid
328 1598 484 1652 dissimulet
499 1601 547 1652 aut
559 1615 629 1666 quae
641 1615 685 1652 me
697 1599 734 1652 ad
745 1599 847 1652 maiora
858 1616 929 1652 reser
937 1601 984 1653 vol

165 1675 235 1729 Num
256 1675 323 1728 fletu
340 1675 473 1743 ingemuit
491 1677 602 1729 nostrol
624 1692 689 1728 num
709 1675 813 1728 lumina
830 1675 923 1729 flexiti

165 1751 237 1804 Num
247 1751 371 1805 lacrimas
380 1752 469 1804 victus
478 1751 563 1814 dedit,
574 1755 624 1805 aut
633 1754 778 1806 miseratus
788 1755 925 1805 amantem
938 1754 997 1806 est'l

165 1828 240 1892 Quae
252 1827 351 1896 quibus
363 1828 531 1880 anteferam?
549 1828 609 1880 Iam
621 1828 674 1880 iam
686 1846 736 1882 uec
748 1843 875 1882 maxuma
888 1828 964 1896 Iunc,
984 1841 1020 1882 ³71

164 1905 189 1957 N
192 1907 222 1957 e'c
241 1905 385 1958 Saturnius
404 1903 470 1956 haec
489 1903 573 1956 aculis
591 1908 672 1972 pater
689 1905 785 1972 aspicit
803 1904 903 1973 aequis.

165 1980 306 2048 Nusquam
324 1983 386 2038 tuta
403 1980 479 2034 fides.
517 1979 644 2033 Eiectum
662 1980 751 2047 litore,
771 1976 900 2048 egentem

165 2057 266 2125 Excepi
284 2060 313 2110 et
330 2057 408 2124 regni
427 2056 540 2110 demens
558 2057 586 2109 in
604 2060 683 2124 parte
702 2057 802 2122 locavi;

165 2134 303 2188 Amissarn
322 2134 442 2202 classem,
462 2135 547 2187 socios
565 2150 581 2186 a
599 2138 688 2186 morte
707 2133 810 2186 reduxi.
984 2148 1036 2190 ³7⁵,

165 2211 230 2264 Heu
248 2210 325 2264 furiis
343 2211 452 2266 incensa
470 2211 556 2264 ferorl
595 2210 674 2262 Nunc
692 2225 779 2277 augur
797 2211 905 2280 Apollo,

166 2289 244 2341 Nunc
263 2287 360 2355 Lyciae
379 2291 473 2355 sortes,
492 2303 563 2340 nunc
582 2290 611 2340 et
631 2287 697 2340 Iove
715 2287 813 2340 missus
832 2287 867 2340 ab
885 2287 945 2357 ipse

167 2365 309 2433 lnterpres
327 2364 417 2417 divom
436 2363 490 2417 fert
509 2363 621 2416 horrida
640 2363 714 2416 iussa
731 2379 781 2431 per
799 2379 885 2416 auras.

167 2441 274 2495 Scilicet
291 2442 314 2494 is
334 2441 445 2510 Superis
463 2440 540 2494 labor
558 2444 607 2508 est,
628 2458 660 2494 ca
678 2457 744 2494 cura
762 2440 870 2509 quietes

166 2518 305 2572 Sollicitat.
341 2518 439 2586 Neque
457 2521 486 2570 te
503 2522 592 2586 teneo,
611 2535 699 2586 neque
718 2517 791 2570 dicta
808 2516 918 2582 refello;
986 2530 1023 2568 asc

168 2595 188 2660 Ι,
207 2611 323 2664 sequere
342 2594 452 2647 Italiam
471 2596 566 2661 ventis,
586 2599 650 2664 pete
669 2611 753 2662 regna
771 2611 820 2662 per
838 2593 933 2648 undas.

166 2672 250 2740 Spero
269 2671 397 2741 equidem
416 2671 521 2738 mediis,
539 2673 562 2725 si
580 2670 648 2739 quid
664 2672 710 2740 pia
727 2670 838 2724 numina
855 2671 976 2738 pessunt,

166 2749 303 2818 Supplicia
320 2748 468 2800 hausurum
487 2748 611 2817 scopulis,
630 2751 659 2800 et
676 2747 785 2800 nomine
803 2746 875 2799 Dide

166 2825 253 2894 Saepe
271 2828 437 2878 vocaturum.
474 2823 578 2892 Sequar
596 2824 665 2878 atris
682 2823 792 2891 ignibus
811 2821 915 2886 absens,

166 2902 210 2970 Ilt,
229 2919 291 2956 eum
307 2901 408 2969 frigida
425 2917 498 2955 mors
516 2902 605 2954 anima
623 2899 765 2966 seduxerit
782 2901 866 2963 artus,

167 2978 300 3033 Omnibus
317 2977 415 3031 umbra
431 2977 497 3030 locis
514 2977 604 3030 adero.
639 2976 731 3043 Dabis,
749 2973 870 3043 inprobe,
887 2989 995 3041 poenas.

170 3056 295 3122 Audiam,
313 3057 343 3108 et
359 3054 427 3107 haec
445 3054 535 3107 Manis
553 3055 644 3115 veniet
661 3051 728 3104 mihi
746 3052 819 3104 fama
838 3049 889 3102 sub
906 3049 983 3102 imos.

170 3133 220 3185 His
237 3131 358 3184 medium
376 3129 457 3183 dictis
476 3147 627 3183 sermenem
646 3127 793 3196 abrumpit,
813 3129 842 3180 et
860 3141 941 3179 auras

170 3211 261 3276 Aegra
277 3207 356 3272 fugit,
374 3221 458 3272 seque
475 3223 509 3259 ex
527 3205 611 3258 oculis
629 3203 731 3257 avertit
747 3207 777 3258 et
794 3203 892 3266 aufert,
