2234 3554
382 499 412 548 P.
430 499 585 548 VERGILI
603 497 772 547 MARONIS

341 615 816 740 aansruos

422 853 539 907 InlBEll
557 853 740 908 OCTAVUS.

527 1014 629 1045 ...0-

152 1147 196 1206 Ur
212 1151 278 1206 belli
297 1151 404 1220 signum
423 1151 555 1206 Laurenti
575 1152 681 1204 Turnus
699 1149 735 1202 ab
752 1165 815 1203 arce

153 1227 266 1296 Extulit,
283 1232 313 1282 et
330 1243 412 1281 rauco
430 1232 609 1296 strepuerunt
626 1243 728 1280 cornua
745 1229 835 1291 cantu,

153 1303 246 1372 thue
263 1304 334 1357 acris
351 1304 486 1357 concussit
503 1320 596 1372 equos,
614 1307 700 1372 utque
717 1301 818 1370 inpulit
834 1318 920 1371 arma,

152 1380 296 1449 Extemplo
313 1379 418 1434 turbati
436 1380 526 1446 animi,
545 1379 625 1433 simul
644 1396 724 1433 omne
742 1378 863 1432 tumultu

151 1455 282 1509 Coniurat
300 1456 409 1526 trepido
429 1457 545 1523 Latium,
564 1456 706 1524 saevitque
722 1455 849 1508 iuventus
991 1476 1003 1514 s

151 1531 247 1586 Eilera
285 1533 420 1586 Ductores
439 1533 519 1602 primi
538 1533 682 1600 Messapus
699 1536 729 1586 ct
747 1531 833 1585 Ulcns

150 1607 384 1681 Contemptorque
402 1609 484 1663 deum
504 1609 657 1662 Mezentius
674 1607 795 1677 undique
814 1612 915 1675 cogunt

151 1685 269 1752 Auxilia,
287 1689 316 1738 et
335 1685 404 1738 latiis
422 1689 531 1738 vastant
548 1685 700 1738 cultoribus
718 1699 806 1752 agros.

151 1761 275 1815 lilittitur
293 1765 323 1814 et
339 1762 430 1829 anagni
449 1761 572 1814 Venulus
591 1760 732 1814 Diomedis
749 1760 786 1814 ad
803 1760 908 1828 urbem,

150 1837 202 1902 Qui
220 1840 299 1905 petat
317 1837 456 1902 auxilium,
474 1841 511 1902 et,
531 1837 610 1889 Latio
627 1837 776 1890 consistere
794 1836 919 1902 Teucros,
981 1851 1002 1890 ro

151 1913 306 1965 Adiectum
326 1913 439 1964 Aenean
456 1911 535 1964 classi
552 1913 693 1979 victosque
712 1911 823 1964 Penatis

152 1989 257 2040 lnlerro
275 1992 304 2039 ct
321 1987 386 2038 latis
403 2001 496 2052 regem
515 2003 545 2038 se
564 1986 654 2039 dicere
673 1985 755 2054 posci,

151 2063 278 2128 Edoceat,
296 2061 452 2128 multasque
470 2061 527 2113 viro
545 2078 575 2114 se
592 2062 742 2128 adiungere
759 2062 850 2129 gentis

150 2138 296 2204 Dardanio,
315 2140 344 2190 et
362 2137 416 2189 late
436 2136 514 2189 Latio
532 2136 719 2190 increbescere
736 2153 842 2190 nomeu.

149 2215 222 2280 Quid
234 2218 323 2268 struat
335 2212 377 2265 his
389 2211 500 2281 coeptis,
513 2229 602 2280 quem,
616 2213 638 2264 si
654 2212 774 2266 llortuna
786 2217 925 2281 sequatur,
976 2230 1000 2270 15

149 2293 284 2346 Ereptum
303 2305 410 2358 pugnae
428 2290 528 2357 cupiat,
547 2290 717 2342 manifestius
735 2290 794 2358 ipsi,

149 2369 237 2434 Quam
256 2367 346 2420 'l'urno
364 2365 431 2433 regi,
449 2369 497 2419 aut
515 2366 573 2434 regi
592 2366 725 2435 adparere
744 2365 849 2422 Latino.

184 2444 259 2497 Talia
275 2460 325 2512 per
344 2443 460 2496 Latium.
498 2443 573 2508 Quae
593 2443 806 2496 Laomedontius
824 2442 904 2496 heros

149 2521 254 2576 Cuncta
271 2521 366 2574 videns
384 2535 482 2587 magno
500 2535 626 2573 curarum
644 2518 759 2573 fluctuat
776 2524 869 2584 uestu;

150 2600 246 2666 Atque
258 2597 378 2650 animum
390 2612 461 2649 nunc
473 2595 525 2649 huc
537 2596 662 2662 celerem,
675 2613 745 2650 nunc
757 2595 857 2650 dividit
868 2595 938 2663 illuc
975 2609 1000 2648 au

149 2674 183 2728 In
202 2675 343 2742 partisque
360 2673 434 2740 rapit
451 2673 539 2725 varias
557 2689 660 2740 perque
678 2673 769 2726 omnia
786 2677 890 2726 versat:

148 2751 226 2805 Sicut
243 2765 331 2818 aquae
348 2747 497 2802 tremulum
515 2748 598 2802 labris
616 2748 663 2801 ubi
681 2749 773 2802 lumen
790 2749 867 2802 aenis

148 2828 212 2881 Sole
229 2841 419 2896 repercussum
437 2829 485 2878 aut
502 2825 635 2878 radiantis
653 2824 771 2892 imagine
791 2823 885 2878 Lunae

149 2904 249 2956 Omnia
265 2901 411 2970 pervolitat
428 2901 484 2954 lato
501 2901 566 2964 loca,
585 2901 693 2968 iamque
711 2900 763 2954 sub
780 2917 860 2954 auras

149 2979 272 3046 Erigitur
289 2977 442 3045 summique
459 2976 524 3031 ierit
542 2978 682 3046 laquearia
698 2978 772 3031 tecti.
956 2983 998 3032 'as

150 3056 212 3110 Nox
230 3059 298 3122 erat,
316 3058 345 3108 et
362 3057 451 3108 terras
469 3055 594 3108 animalia
611 3056 683 3108 fessa
700 3071 749 3122 per
767 3055 854 3108 omnis

150 3133 275 3186 Alituum
293 3130 483 3199 pecudumque
501 3147 587 3199 genus
605 3149 685 3201 sopor
703 3131 774 3185 altus
792 3131 923 3187 habebat

150 3209 219 3264 Cum
236 3212 317 3274 pater
334 3208 363 3261 in
380 3209 440 3276 ripa
457 3208 595 3277 gelidique
613 3209 664 3263 sub
682 3209 802 3264 aetheris
819 3227 871 3264 axe
