2274 3554
123 123 170 174 150
359 120 390 170 P.
409 119 564 168 VERGILI
582 119 748 168 MARONIS

113 199 160 268 «111
177 199 274 254 mediis
291 215 423 268 properas
441 198 611 266 aquilonibus
629 199 670 253 ire
687 215 737 267 per
755 198 849 266 altum,
944 215 982 260 010

122 275 265 330 Grudelisl
294 275 383 339 Quidl
406 276 429 328 si
447 292 500 328 non
519 291 584 328 arva
602 275 691 328 aliena
709 275 860 344 domosque

123 349 237 420 Ignotae
255 356 373 420 peteres,
392 355 421 405 et
440 351 520 404 Troia
538 351 651 419 antiqua
669 355 800 418 maneret,

123 428 203 481 Troia
220 445 270 496 per
287 428 422 482 undosum
439 431 584 496 peteretur
601 427 732 482 elassibus
750 429 870 496 aequori

122 503 205 558 Mene
217 505 306 572 fugisl
321 505 375 558 Per
387 521 438 571 ego
450 504 500 558 has
509 505 633 557 lacrimas
643 503 824 573 dextramque
833 507 910 558 tuam
918 509 982 559 te-

124 579 238 644 Quando
250 581 325 634 aliud
336 581 403 633 mihi
415 581 469 633 iam
483 581 597 633 miserae
610 581 677 633 nihil
689 581 749 649 ipsa
760 581 895 649 reliqui-
946 597 982 634 sis

25 715 46 728 ,Ι
124 655 184 726 Ρο1
195 657 328 710 connubia
345 660 446 723 nostra,
465 673 516 725 per
533 657 657 725 inceptos
675 657 845 726 hymenaeos,

48 798 51 806 Ι
124 731 153 785 Si
170 732 240 790 bene
259 732 327 800 quid
345 733 380 786 de
398 736 428 786 te
445 733 540 799 merui,
559 733 747 787 1011011111111
765 734 912 802 quicquam

124 809 209 862 Dulce
227 826 326 875 meum,
345 810 476 863 miserere
495 809 591 862 domus
610 809 728 864 labentis
746 813 776 864 et
792 810 881 875 istam,

124 885 185 949 Oro,
204 885 227 938 si
245 886 306 954 quis
324 885 414 939 adhue
431 885 557 954 precibus
575 886 656 953 locun,
675 903 745 940 exue
763 889 892 939 mentem.

124 961 162 1014 Te
179 965 292 1029 propter
311 961 427 1030 Libycae
444 965 541 1029 gentes
561 961 771 1030 Nomadumque
788 963 897 1030 tyranni
945 976 981 1015 310

124 1037 223 1104 Odere,
241 1038 339 1091 infensi
358 1039 446 1107 Tyrii;
465 1042 495 1092 te
512 1042 625 1107 propter
644 1038 760 1092 eundem

124 1114 282 1168 Exstinetns
300 1115 389 1183 pudor
407 1119 443 1182 et,
462 1132 516 1184 qua
534 1115 590 1168 sola
608 1115 698 1168 sidera
715 1115 832 1181 adibam,

124 1191 209 1244 Fama
228 1192 309 1257 prior.
346 1191 396 1244 Oui
414 1207 458 1244 1110
476 1191 666 1244 moribundam
684 1191 796 1256 deseris,
813 1191 929 1260 hospesl

125 1268 187 1322 Hoc
205 1269 291 1322 solum
309 1285 407 1322 nomen
426 1269 552 1337 quoniam
571 1269 607 1322 de
624 1269 737 1336 coniuge
754 1271 850 1322 restat.

125 1344 199 1409 Quid
207 1347 316 1399 mororl
329 1361 363 1398 an
375 1361 437 1398 mea
450 1345 606 1412 Pygmalion
621 1345 686 1398 dum
699 1345 806 1399 moenia
816 1345 904 1398 frater
947 1359 984 1398 aas

125 1419 266 1489 Destruet,
285 1425 333 1474 aut
352 1425 459 1489 captam
479 1421 560 1486 ducat
580 1421 712 1476 Gaetulus
731 1420 844 1475 larbasi

126 1497 228 1552 Saltem
248 1498 270 1550 si
289 1514 343 1566 qua
361 1497 427 1548 mihi
446 1496 481 1549 dc
500 1502 528 1550 te
547 1502 673 1566 suscepta
691 1497 790 1551 luisset

126 1574 202 1628 Ante
220 1574 313 1640 fugam
332 1571 448 1640 suboles,
467 1573 489 1625 si
508 1575 569 1642 quis
587 1574 653 1627 mihi
671 1574 800 1643 parvulus
817 1573 880 1628 aula
922 1623 925 1628 .

126 1649 250 1704 Luderet
269 1651 386 1718 Aeneas,
405 1650 451 1719 qui
470 1654 499 1704 te
518 1654 610 1704 tamen
629 1667 676 1704 ore
694 1651 819 1718 referret,
891 1661 892 1664 ’

126 1726 187 1780 Non
206 1726 334 1794 equidem
352 1727 460 1780 omnino
478 1731 607 1795 captane
625 1727 736 1780 deserta
755 1727 870 1781 viderer.
947 1739 984 1779 000

161 1803 283 1856 Dixerat.
321 1803 373 1857 llle
392 1803 466 1858 lovis
482 1804 593 1858 monitis
611 1805 713 1857 inmota
731 1803 845 1857 tenebat

127 1879 253 1953 Lumina,
268 1882 298 1934 01
315 1879 431 1934 obnixus
449 1897 541 1934 curam
560 1879 710 1934 subcorde
728 1879 879 1948 premebat.

127 1955 248 2009 Tandem
265 1972 352 2024 panca
369 1957 467 2010 refert:
488 1957 546 2026 Ego
564 1961 600 2022 10,
619 1971 690 2025 qnae
707 1956 824 2023 plurima
840 1955 923 2009 fando

127 2031 294 2086 Enumerare
312 2033 392 2095 vales,
411 2051 565 2101 numquam,
586 2033 699 2100 Regina,
717 2031 823 2100 negabo

103 2145 108 2153 x
128 2109 323 2173 Promeritam3
343 2125 392 2162 nec
411 2125 454 2162 me
472 2109 627 2162 meminisse
644 2108 751 2177 pigebit
768 2109 879 2176 Elissae,
950 2122 985 2162 130

128 2184 200 2237 Dum
217 2201 322 2238 memor
339 2185 397 2253 ipse
415 2185 476 2250 mei,
496 2185 562 2238 dnm
580 2185 692 2253 spiritus
710 2185 767 2237 hos·
777 2185 849 2251 regit
867 2188 950 2236 artus.

128 2260 182 2314 Pro
191 2278 222 2314 re
232 2277 318 2329 panca
326 2261 431 2327 loquar.
467 2262 565 2330 Neque
574 2277 625 2328 ego
634 2260 703 2312 hanc
713 2259 878 2312 abscondere
887 2259 961 2310 furto

129 2337 250 2405 Speravi,
268 2353 303 2390 ne
321 2336 400 2404 finge,
418 2336 520 2404 fugam,
537 2353 587 2389 nee
605 2335 725 2402 coniugis
743 2349 873 2401 umquam

129 2412 278 2466 Praebendi
296 2411 392 2465 taedas
410 2415 458 2465 aut
475 2411 543 2464 haee
560 2412 588 2464 in
606 2410 718 2464 foedera
734 2409 806 2464 veni.

128 2489 175 2542 Me
194 2489 216 2541 si
234 2487 291 2541 fata
310 2487 377 2540 meis
394 2490 556 2554 paterentur
575 2488 675 2540 ducere
693 2486 778 2540 vitam
950 2497 986 2539 000

130 2563 267 2632 Auspiciis
286 2567 314 2615 et
333 2567 429 2630 sponte
448 2579 509 2615 mea
526 2579 680 2632 conponere
698 2579 783 2628 curas,

130 2640 234 2693 Urbem
255 2639 398 2692 Troianam
415 2639 532 2707 primum
551 2638 693 2708 dulcisque
710 2655 833 2694 meorum

130 2715 272 2785 Reliquias
290 2714 414 2784 colerem,
434 2715 536 2770 Priami
554 2720 628 2770 tecta
645 2717 702 2770 alta
718 2721 869 2783 manerent,

130 2792 167 2847 Et
184 2792 304 2847 recidiva
321 2808 404 2847 manu
421 2793 572 2862 posuissem
591 2793 725 2861 Pergama
742 2793 827 2847 vietis.

131 2869 187 2924 Sed
204 2886 275 2922 nune
298 2868 408 2923 Italiam
426 2885 552 2937 magnam
572 2869 695 2938 Gryneus
714 2869 821 2938 Apollo,
951 2882 986 2921 011

132 2945 242 3000 Italiam
261 2945 359 3015 Lyciae
376 2945 480 3000 iussere
499 2962 642 3017 capessere
660 2949 764 3010 sortes;

133 3021 186 3076 llic
203 3039 287 3090 amor,
305 3022 372 3076 haec
389 3023 479 3091 patria
497 3027 546 3076 est
585 3023 613 3077 Si
630 3027 660 3077 10
680 3022 858 3091 Karthaginis
875 3037 958 3084 arces,

133 3097 316 3168 Phoenissam,
336 3098 508 3169 Libycaeque
526 3104 654 3170 aspectus
672 3101 779 3154 detinet
796 3099 879 3165 urbis,

134 3173 208 3238 Quae
226 3175 347 3242 tandem,
367 3177 488 3231 Ausonia
506 3177 624 3232 Teucros
641 3177 783 3234 considere
800 3179 883 3243 terra,
