2234 3554
116 181 164 227 240
350 179 379 228 r.
399 146 552 229 vnaornr
569 143 734 229 nunonis

116 258 226 312 Invidet
244 259 378 327 inperium
398 277 529 329 seraeque
546 261 583 314 nd
600 261 681 314 fortia
698 263 777 315 vires.

116 335 219 408 Natum
238 336 405 404 exhortarer,
423 338 450 390 ni
469 338 573 391 mixtus
589 343 677 392 matre
696 339 803 392 Sabella
928 355 968 394 51⁰

117 413 190 465 Hinc
208 417 314 482 partem
333 415 439 482 patriae
457 415 587 468 traheret.
625 415 672 483 Tu,
691 416 765 468 cuius
783 418 813 469 et
830 415 909 470 annis

116 489 152 543 Et
170 491 264 556 generi
282 490 338 542 fata
355 490 506 558 indulgent,
525 508 606 558 quem
624 492 736 544 numina
753 497 876 560 poscunt,

117 566 273 634 Ingredere,
292 585 307 618 e
325 567 458 619 Teucrum
476 572 559 634 atque
575 567 676 620 Italum
695 569 842 621 fortissime
857 569 966 623 ductor.

118 643 197 696 Hunc
216 643 266 696 tibi
285 647 434 712 praeterea,
454 660 517 711 spes
535 646 563 695 ct
583 644 679 696 solatia
696 644 789 710 nestri,

117 720 238 772 Pallanta
256 720 417 787 adiungam;
436 721 486 773 sub
505 724 534 772 te
551 719 670 772 tolerare
687 721 818 788 magistre
928 736 967 774 515

115 795 242 849 Militiam
261 801 289 849 ct
307 813 390 862 grave
410 795 508 849 Martis
527 813 601 864 epus,
620 801 668 849 tua
686 812 797 849 cernere
814 796 888 850 facta

117 873 277 937 Adsuescat,
297 873 391 941 primis
410 875 438 926 ct
456 878 485 925 te
503 873 619 926 miretur
637 872 671 925 ab
689 872 774 926 annis.

117 949 238 1002 Arcadas
256 949 318 1001 huic
337 951 443 1018 equites
462 949 505 1000 bis
523 951 639 1011 centum,
658 947 757 1002 robora
774 948 857 1017 pubis

115 1024 206 1092 Lecta,
226 1025 304 1092 dabo,
323 1024 495 1092 totidemque
513 1041 561 1077 suo
579 1025 630 1078 tibi
647 1025 755 1078 nomine
774 1023 870 1078 Pallas.

71 1150 80 1173 ,
149 1102 203 1155 Vix
222 1120 255 1156 ee
271 1103 345 1156 fatus
363 1105 439 1154 erat:
465 1101 602 1170 defixique
621 1117 668 1154 ora
685 1100 818 1154 tenebant
929 1115 968 1155 eae

118 1181 223 1232 Aeneas
244 1178 422 1232 Anchisiades
441 1182 469 1230 et
488 1178 559 1230 fidus
578 1178 715 1242 Achates;

116 1255 259 1322 Multaque
277 1255 346 1307 dura
364 1271 412 1307 suo
431 1254 505 1307 tristi
523 1271 584 1306 erun
604 1255 686 1307 corde
703 1253 846 1322 putabant,

116 1331 151 1383 Ni
170 1331 277 1398 signum
296 1331 371 1384 caelo
391 1331 525 1398 Cytherea
543 1330 667 1383 dedisset
685 1334 789 1397 aperte.

116 1407 241 1475 Namque
259 1408 395 1475 inproviso
414 1407 536 1460 vibratus
554 1407 588 1459 ab
607 1407 718 1460 aethere
736 1405 825 1472 fulgor

115 1483 184 1535 ilum
203 1484 292 1536 sonitu
310 1484 391 1550 venit,
410 1488 438 1536 et
456 1501 536 1536 ruere
555 1483 645 1536 emnia
662 1483 719 1534 visa
737 1485 859 1550 repente,
927 1495 967 1534 eae

115 1559 323 1626 Tyrrhenusque
342 1559 425 1612 tubae
444 1561 549 1627 mugire
567 1577 617 1628 per
636 1559 748 1611 aethera
766 1557 882 1624 clangor.
923 1564 927 1570 ’

115 1635 285 1702 Suspiciunt3
299 1635 399 1687 iterum
413 1639 496 1704 atque
508 1637 608 1689 iterum
622 1636 714 1702 fragor
725 1635 848 1702 increpat
860 1633 963 1702 ingens.

116 1713 203 1764 Arma
220 1711 292 1764 inter
311 1711 410 1763 nubem
430 1713 496 1764 caeli
514 1713 541 1765 in
560 1713 671 1780 regione
691 1727 786 1764 serena

117 1788 170 1841 Per
187 1787 285 1841 sudum
305 1787 419 1840 rutilare
437 1788 531 1841 vident
550 1793 578 1841 et
596 1789 675 1857 pulsa
693 1791 796 1840 tonare.

115 1863 280 1932 Obstipuere
298 1864 395 1916 animis
412 1864 472 1928 alii;
496 1865 545 1917 scd
564 1865 659 1917 Troius
677 1864 758 1917 heros
929 1875 966 1915 sse

116 1941 256 2008 Adgnovit
275 1942 392 1994 sonitum
412 1945 440 1994 et
458 1942 538 1994 divae
555 1942 688 2009 promissa
705 1939 834 2008 parentis.

115 2017 183 2071 Tum
201 2022 347 2072 memorat:
374 2018 417 2071 Ne
435 2033 506 2084 vero,
528 2018 634 2085 hospes,
654 2033 689 2070 ne
708 2031 810 2085 quaere
833 2014 964 2081 prefecto,

116 2094 203 2159 Quem
221 2111 313 2148 casum
330 2097 459 2162 portenta
477 2094 581 2146 ferant:
604 2109 656 2160 ego
672 2108 770 2161 poscor
788 2089 911 2158 Olympo.

117 2169 177 2223 Hoc
195 2171 301 2238 signum
320 2170 417 2223 cecinit
436 2170 579 2222 missuram
598 2170 662 2222 diva
680 2167 805 2235 creatrix,

116 2246 143 2300 Si
161 2247 263 2300 bellum
281 2247 430 2314 ingrueret,
449 2245 635 2313 Volcaniaque
654 2259 729 2297 arma
747 2259 797 2312 per
815 2258 895 2295 auras
929 2257 966 2296 aas

117 2322 246 2375 Laturarn
265 2323 371 2375 auxilio.

117 2399 180 2462 Heu
198 2407 316 2467 quantae
334 2398 439 2451 miseris
458 2398 556 2450 caedes
575 2397 760 2450 Laurentibus
776 2397 895 2450 instant!

116 2475 189 2538 Quas
201 2491 303 2541 poenes
314 2473 388 2540 mihi,
400 2474 498 2540 Turne,
512 2473 605 2526 dabis!
620 2490 702 2540 quam
714 2471 802 2524 multa
814 2471 864 2526 sub
877 2471 967 2524 undas

116 2551 199 2605 Scuta
217 2551 303 2602 virum
322 2550 468 2618 galeasque
487 2554 516 2603 et
534 2551 615 2602 fortia
633 2565 745 2616 corpora
763 2547 861 2614 volves,

117 2628 215 2696 Thybri
234 2631 326 2696 pater!
356 2626 472 2679 Poscant
492 2627 570 2688 acies,
590 2629 619 2679 et
637 2625 748 2679 foedera
766 2627 909 2692 rumpant!
929 2638 966 2676 aa

152 2705 227 2758 Haec
246 2704 293 2757 ubi
312 2704 386 2757 dieta
405 2703 487 2766 dedit,
507 2703 574 2756 solio
593 2721 622 2756 se
640 2702 712 2755 tollit
730 2701 765 2754 ab
784 2701 856 2764 alto;

120 2783 152 2835 ut
171 2782 288 2848 primum
309 2779 452 2832 Herculeis
470 2780 573 2846 sopitas
591 2779 698 2846 ignibus
716 2795 777 2830 aras

117 2857 232 2920 Excitet,
250 2856 463 2922 hesternumque
484 2855 581 2906 Larem
600 2871 752 2921 parvosque
772 2854 885 2907 Penatis

118 2931 217 2982 Laetus
235 2930 309 2993 adit3
332 2934 453 2982 mactant
471 2931 556 2982 lectas
575 2931 610 2982 dc
628 2947 703 2982 mere
721 2929 840 2982 bidentis

121 3005 261 3056 Euandrus
279 3007 389 3071 pariter,
408 3007 514 3072 pariter
530 3007 645 3058 Troiana
662 3007 795 3058 iuventus.
931 3021 970 3060 ele

120 3077 183 3128 l'est
200 3079 263 3129 hine
281 3078 317 3130 ad
334 3082 409 3132 navis
427 3081 559 3147 graditur,
580 3082 719 3148 sociosque
737 3083 846 3144 revisit3

119 3150 237 3210 Quorum
256 3152 291 3204 de
310 3171 428 3219 numere,
447 3157 493 3222 qui
511 3172 570 3207 sese
589 3155 707 3206 inbelle
726 3160 886 3224 sequantur,

120 3221 287 3276 Praestantis
309 3229 412 3282 virtute
429 3227 510 3294 legit;
529 3242 592 3294 pers
611 3233 703 3281 cetera
721 3247 807 3296 prona
