2234 3554
100 127 147 176 168
330 125 360 172 Ρ.
377 115 534 172 'vnnornl
557 123 724 172 MARONIS

99 205 231 260 Omnibus
249 205 292 258 hic
310 206 363 259 crit
380 222 451 259 unus
468 204 561 258 honos.
597 204 665 258 Tres
683 204 805 272 praemis
822 204 903 271 primi

100 282 252 352 Accipient,
270 281 393 350 flavaque
411 284 494 350 caput
512 284 658 335 nectentur
676 281 752 334 oliva.

100 358 208 412 Primus
226 375 326 427 equum
344 358 465 427 phaleris
482 358 616 425 insignem
634 357 723 411 victor
739 357 849 424 habeto,
917 371 954 411 aro

101 435 181 488 Alter
200 435 375 488 Amazoniam
394 435 551 504 pharetram
569 433 732 502 plenamque
750 434 841 502 sagitt'

100 511 237 578 Threiciis,
256 511 312 565 lato
331 528 413 580 quam
431 510 663 578 circumplectitur
680 527 747 563 auro

101 587 221 656 Balteus,
240 592 269 642 et
287 588 370 642 tereti
389 587 528 642 subnectit
545 586 629 639 fibula
646 603 770 654 gemma;

100 664 209 718 Tertius
229 664 358 732 Argolica
375 663 426 716 hac
444 663 523 731 galea
540 665 686 716 contentus
704 662 787 717 abito.

101 741 179 794 Haec
195 741 243 794 ubi
262 740 342 807 diota,
360 739 448 793 locum
466 739 585 808 capiunt,
605 739 737 808 signoque
755 741 870 808 repento
919 753 956 793 sn

101 816 257 885 Oorripiunt
275 817 363 884 spatia
381 816 484 884 audito,
503 815 640 884 limenque
658 815 824 883 relinquunt,

101 893 187 946 Effusi
204 892 297 946 nimbo
315 893 424 960 similes,
444 893 524 946 simul
542 892 638 946 ultima
657 891 771 958 signant.

101 969 208 1022 Primus
226 969 284 1022 abit
301 968 436 1037 longeque
454 973 518 1022 ante
536 969 625 1021 omnia
642 983 756 1035 corpora
774 969 858 1022 Nisus

101 1045 213 1112 Emicat,
232 1048 261 1099 et
278 1045 367 1098 ventis
385 1049 415 1099 et
431 1045 551 1098 fulminis
569 1045 642 1098 ocior
659 1044 723 1110 alis;

102 1122 254 1174 Proxumus
272 1121 340 1188 huic,
359 1121 440 1196 longo
458 1122 508 1174 sed
525 1137 674 1188 proxumus
691 1119 843 1190 intervallo,
920 1135 957 1176 330

102 1199 261 1268 Insequitur
279 1199 383 1264 Salius3
405 1199 494 1266 spatio
512 1201 575 1265 post
593 1197 695 1251 deinde
712 1197 808 1251 relicto

101 1275 209 1329 Tertius
228 1275 376 1343 Euryalus;

101 1351 301 1420 Euryalumque
313 1351 448 1423 ¹Helymus
461 1351 588 1418 sequitur
595 1371 602 1416 ;
622 1366 676 1418 quo
689 1349 791 1404 deinde
804 1349 855 1404 sub
866 1350 926 1418 ipso

100 1427 170 1482 Ecce
187 1426 260 1480 volat
277 1427 434 1495 calcemque
451 1427 519 1479 terit
536 1427 590 1479 iam
609 1427 682 1480 calce
701 1426 806 1495 Diores,

101 1503 265 1557 Incumbens
282 1502 411 1568 humer03
433 1503 522 1570 spatia
539 1506 568 1556 et
586 1503 609 1554 si
627 1502 706 1570 plura
724 1504 871 1570 supersint,
920 1516 956 1554 333

101 1579 233 1633 Transeat
252 1579 361 1648 elapsus
379 1578 462 1646 prior,
480 1578 672 1646 ambiguumvo
690 1579 835 1646 relinquat.

102 1657 216 1725 Iamque
233 1655 291 1708 fere
310 1654 398 1723 spatio
416 1659 540 1708 extremo
558 1655 678 1724 fessique
697 1655 748 1708 sub
767 1655 855 1723 ipsam

101 1733 196 1786 Finem
214 1730 408 1798 adventabant,
426 1730 479 1784 levi
497 1747 559 1785 cum
578 1732 707 1799 sauguine
726 1731 810 1784 Nisus

101 1808 216 1862 Labitur
233 1808 335 1874 infelix,
354 1807 439 1860 caesis
457 1811 489 1860 ut
505 1807 577 1860 forte
596 1807 715 1860 iuvencis

101 1885 191 1938 Eusus
202 1884 314 1937 humum
326 1883 475 1952 vindisquc
488 1901 569 1952 super
581 1883 764 1936 madefecerat
775 1882 881 1938 herbas.
920 1897 958 1938 330

102 1962 156 2014 Η13
173 1961 277 2014 iuvenis
295 1961 350 2013 iam
368 1960 455 2014 victor
474 1976 557 2014 ovans
576 1959 691 2026 vestigia
708 1975 802 2028 presso

102 2037 186 2090 Haud
203 2037 292 2091 tenuit
310 2035 431 2091 titubata
449 2036 513 2105 solo,
533 2036 582 2090 sed
601 2051 702 2104 pronus
719 2035 747 2087 in
765 2035 824 2103 ipso

102 2113 227 2168 Concidit
243 2113 428 2181 inmundoque
446 2113 510 2166 fimo
529 2128 659 2180 sacroque
677 2127 780 2165 cruore.

101 2190 126 2243 N
129 2207 164 2243 on
182 2192 274 2244 tamen
293 2189 410 2258 Euryali,
428 2205 482 2242 non
499 2189 545 2242 ille
564 2189 665 2242 oblitus
683 2203 805 2241 amorum
815 2208 822 2253 ;

101 2266 172 2319 Nam
191 2283 251 2320 sese
269 2266 396 2334 opposuit
415 2265 487 2318 Salio
505 2281 555 2333 per
572 2264 677 2318 lubrica
695 2280 825 2332 surgens;
922 2278 959 2318 333

102 2342 153 2397 1113
170 2345 263 2396 autem
282 2342 368 2410 spissa
386 2342 469 2394 iacuit
487 2341 628 2394 revolutus
646 2357 736 2394 arena.

101 2419 206 2472 Emicat
225 2417 364 2485 Euryalus,
382 2420 411 2469 et
429 2433 542 2470 munere
562 2417 648 2470 victor
667 2416 746 2470 amici

103 2495 194 2548 Prima
210 2496 296 2559 tenet,
314 2493 466 2561 plausuque
484 2493 558 2546 volat
576 2492 743 2560 fremituque
761 2492 888 2547 secundo.

104 2573 168 2625 Post
187 2568 320 2638 Helymus
340 2567 421 2635 subit,
440 2572 470 2622 et
487 2585 558 2622 nunc
577 2568 661 2622 tertia
678 2569 769 2638 palma
787 2569 891 2622 Diores

105 2648 156 2702 llic
174 2649 264 2700 totum
282 2662 380 2700 333333
398 2661 554 2699 consessum
572 2645 692 2714 ingentis
710 2649 738 2700 et
756 2661 805 2698 ora
923 2658 960 2698 330

102 2723 194 2776 Prima
212 2725 322 2790 patrum
340 2722 447 2790 maguis
466 2721 555 2775 Salius
575 2721 738 2775 clamoribus
756 2721 851 2790 inplet,

102 2801 289 2868 Ereptumque
308 2797 371 2852 dolo
389 2797 469 2851 reddi
489 2797 541 2851 sibi
559 2798 648 2866 poscit
665 2799 804 2852 honorem.

101 2876 219 2930 Tutatur
236 2875 313 2928 favor
332 2875 487 2943 Euryalum,
507 2874 690 2944 lacrimaeque
709 2875 831 2943 decorae,

102 2951 212 3006 (iratior
231 2955 259 3004 et
277 2951 390 3020 pulchro
409 2953 519 3004 veniens
537 2951 565 3003 iu
584 2967 696 3019 corpore
717 2951 809 3003 virtus.

102 3027 226 3081 Adiuvat
243 3029 272 3080 et
290 3044 389 3095 magna
406 3028 556 3096 proclamat
573 3043 639 3080 voce
658 3027 763 3093 Diores,
926 3038 962 3080 ost

102 3103 154 3166 Qui
173 3101 256 3155 subiit
274 3103 388 3171 palmae,
408 3103 566 3170 frustraque
584 3102 620 3154 ad
637 3101 758 3170 praemia
776 3101 851 3155 venit

100 3177 215 3242 Ultima,
234 3177 256 3230 si
274 3179 355 3245 primi
373 3178 446 3233 Salio
464 3177 619 3231 reddantur
636 3177 759 3230 honores.
