2242 3550
122 125 151 170 n
357 125 386 174 r.
406 93 561 178 annana
580 124 747 172 ninaonrs

120 201 193 253 Rara
212 201 248 254 sit
267 218 302 254 an
321 218 403 269 supra
422 220 526 257 morem
546 204 569 257 si
588 205 675 258 densa
693 206 825 274 requires,

120 277 218 330 Altera
236 277 381 331 frumentis
399 280 528 347 quoniam
547 281 628 349 favet,
648 282 736 335 altera
756 281 871 356 Baccho,

119 353 211 406 Densa
228 353 315 420 magis
335 353 437 420 Cereri,
456 357 596 410 rarissima
615 375 741 426 quaeque
762 359 869 427 Lyaeo:

120 434 195 482 Ante
213 431 301 483 locum
319 430 411 498 capies
430 432 522 498 oculis,
543 433 653 501 alteque
672 434 780 488 iubebis
945 451 984 494 aaa

120 507 153 560 In
171 507 257 559 solido
277 513 390 575 puteum
410 507 528 573 demitti,
547 526 709 577 omnemque
728 527 844 578 repones

119 584 225 636 Rursus
244 584 364 652 humum,
384 588 412 637 et
431 584 548 652 pedibus
568 602 686 638 summas
706 587 837 654 aequabis
855 604 959 642 arenas.

119 660 148 714 Si
167 661 291 727 deerunt,
311 677 410 727 rarum,
430 661 577 728 pecorique
590 665 624 714 ,61
642 662 744 716 vitibus
763 663 841 717 almis

120 737 220 804 Aptius
238 736 307 790 uber
326 737 396 802 erit;
415 736 502 788 sinin
522 754 571 790 sua
589 755 668 805 posse
689 739 829 806 negabunt

119 811 165 866 lre
182 813 241 865 loca
259 816 287 866 et
305 813 446 866 scrobibus
465 813 605 882 superabit
623 817 698 867 terra
716 816 838 884 repletio,
940 833 977 874 aas

118 889 227 956 Spissus
245 906 324 956 agcr;
342 889 452 956 glaebas
472 891 625 942 cunctantis
645 908 790 959 crassaque
808 896 888 962 terga

119 965 262 1034 Exspecta,
282 970 311 1020 et
329 966 425 1019 validis
443 970 545 1020 terram
565 968 708 1035 proscinde
726 968 852 1022 iuvencis.

118 1041 193 1094 Salsa
211 1047 302 1096 autem
321 1043 403 1096 tellus
421 1047 451 1097 et
469 1060 539 1112 qnae
557 1043 718 1112 perhibetur
736 1061 862 1097 amara-

118 1117 256 1186 Frngibus
273 1119 368 1172 infelix
386 1137 426 1183 ea,
443 1137 493 1173 nec
512 1120 676 1174 mansuescit
693 1120 802 1188 arando,

117 1193 143 1246 N
145 1211 176 1248 ec
189 1195 295 1248 Raccho
308 1213 402 1264 genus,
417 1201 466 1250 aut
479 1197 567 1265 pomis
581 1213 630 1249 sua
641 1196 751 1250 nomina
764 1201 885 1251 servat—
941 1214 978 1252 aso

117 1271 181 1325 'falc
199 1271 277 1326 dabit
296 1275 451 1340 specimen:
471 1275 511 1326 Tu
529 1273 616 1342 spisso
636 1273 735 1326 vimine
752 1273 855 1342 qualos,

117 1347 236 1417 Colaque
255 1350 393 1416 prebrum
412 1349 527 1402 fumosis
546 1349 643 1418 deripe
661 1349 756 1414 tectis;

117 1423 180 1478 Huc
199 1442 264 1492 ager
282 1425 327 1478 1116
346 1425 434 1478 nialus
453 1425 602 1493 dulcesque
621 1442 637 1478 a
656 1424 775 1478 fontibus
794 1425 883 1481 undae

116 1501 163 1553 Ad
180 1501 291 1569 plenum
310 1501 463 1565 calcentur3
482 1517 554 1568 aqua
573 1501 739 1554 eluctabitur
757 1502 844 1555 amnis

116 1576 232 1643 Scilicet,
252 1581 280 1630 et
298 1577 417 1645 grandes
436 1577 515 1630 ibunt
534 1594 583 1645 per
602 1577 705 1630 vimina
723 1582 834 1645 guttae;
938 1593 976 1634 245

116 1653 156 1706 At
174 1671 253 1724 sapor
271 1654 400 1706 indicium
420 1654 501 1707 faciet
520 1655 687 1720 manifestus,
707 1658 736 1708 ct
754 1671 801 1707 ora

115 1729 214 1784 Tristia
233 1733 417 1798 temptantum
436 1747 517 1784 sensu
535 1730 677 1799 torquebit
695 1747 793 1784 amaro.
1114 1791 1115 1794 Ἴ

114 1805 227 1874 Pinguis
245 1807 312 1860 item
331 1824 401 1875 quae
420 1808 456 1860 sit
475 1807 565 1872 tellas,
584 1807 635 1860 hoc
655 1807 772 1874 denique
790 1812 870 1875 pacto

115 1879 262 1937 hiscimus:
281 1883 355 1936 haud
374 1901 504 1953 umquam
523 1883 648 1936 manibus
667 1883 769 1936 iactata
788 1883 897 1951 fatiscit,

113 1958 168 2012 Sed
185 1959 253 2027 picis
272 1961 300 2012 in
318 1977 420 2014 morem
439 1961 475 2013 ad
493 1961 594 2028 digitos
612 1959 739 2013 lentescit
756 1959 889 2014 habendo.
937 1978 974 2018 ano

113 2034 236 2089 Humida
254 2038 370 2090 maiores
389 2037 488 2092 herbas
507 2037 563 2104 alit,
582 2037 697 2106 ipsaque
715 2036 787 2089 iusto

113 2111 230 2166 Laetior.
269 2113 314 2166 Ah
333 2114 446 2168 nimiam
465 2132 499 2168 ne
519 2114 555 2166 sit
573 2113 639 2166 mihi
658 2112 757 2166 fertilis
775 2112 829 2180 illa,

113 2187 174 2240 Neu
192 2205 221 2242 se
239 2191 423 2257 praevalidam
442 2191 537 2259 primis
556 2189 684 2242 ostendat
702 2189 810 2242 aristis!

113 2263 189 2327 Quae
207 2267 297 2332 gravis
316 2270 366 2331 est,
385 2267 444 2334 ipso
462 2267 572 2320 tacitam
593 2282 622 2318 se
640 2264 762 2333 pondere
780 2263 881 2332 prodit,

112 2339 244 2408 Quaeque
268 2341 344 2395 levis.
383 2342 543 2409 Promptum
568 2345 611 2394 est
634 2341 718 2394 oculis
738 2340 912 2409 praediscere
933 2342 971 2394 ni-
1112 2277 1115 2496 4

181 2433 267 2484 gram,
936 2432 972 2471 aas

111 2493 147 2546 nt
165 2493 226 2562 quis
245 2492 289 2546 cui
306 2493 386 2546 color.
424 2497 464 2547 At
482 2493 645 2548 sceleratum
664 2493 808 2562 exquirere
829 2493 915 2561 frigus

111 2566 225 2624 Difficile
244 2573 303 2624 est:
321 2569 413 2636 piceae
427 2574 534 2623 tantam
553 2571 665 2638 taxique
684 2573 812 2623 nocentes

110 2645 255 2699 Interdum
275 2652 324 2698 aut
341 2645 460 2699 hederae
478 2645 603 2714 pandunt
621 2646 737 2713 vestigia
756 2646 856 2713 nigrae.

144 2722 197 2775 His
215 2721 417 2789 animadversis
437 2726 541 2776 terrain
560 2723 646 2776 multo
666 2726 729 2775 ante
747 2724 887 2775 memento

111 2798 269 2867 llxaoquere
288 2802 316 2852 et
335 2815 449 2866 magnos
468 2798 608 2852 scrobibus
628 2797 770 2852 concidere
787 2798 896 2862 montis,
933 2811 970 2854 non

109 2876 183 2929 Ante
202 2878 341 2945 supinatas
361 2877 480 2946 aquiloni
499 2875 645 2930 ostendere
664 2874 781 2943 glaebas,

109 2950 195 3014 Quam
214 2952 316 3006 lactum
335 2953 450 3006 infodias
470 2954 532 3006 vitis
550 2969 643 3020 genus.
680 2950 801 3018 Optuma
817 2950 893 3019 putri
1112 2877 1115 3056 1

108 3028 184 3082 Arva
202 3029 274 3082 solo:
291 3029 321 3082 id
341 3031 416 3084 venti
433 3032 529 3083 curant
546 3028 709 3097 gelidaeque
727 3028 840 3095 pruinae

109 3102 143 3158 111
160 3105 295 3159 labefacta
312 3123 422 3159 movens
440 3106 569 3160 robustus
587 3105 682 3172 iugera
698 3104 791 3157 fossor.

108 3181 154 3238 At.
173 3182 195 3236 si
215 3200 284 3251 (luas
302 3183 375 3236 haud
393 3183 449 3238 ulla
466 3183 540 3238 viros
558 3181 697 3250 vigilantia
714 3177 795 3246 fugit,
930 3193 968 3233 aas
