2242 3550
411 163 622 214 GEORGICON
641 165 710 214 LIB.
730 165 767 214 11.
987 167 1018 214 39

163 249 330 316 Exspectant
348 248 377 300 et
394 245 454 298 vira
473 262 522 300 sua
539 247 674 316 plantaria
692 249 782 309 torra;

162 325 209 379 Nil
227 324 325 377 radicis
344 325 427 390 egent
445 322 520 388 aliae,
539 339 728 390 summumque
745 325 858 392 putator

162 400 247 454 Haud
265 399 373 452 dubitet
391 402 483 452 terrae
501 399 623 451 referens
640 398 771 452 mandare
788 415 930 464 cacumen3

161 478 232 542 Quin
251 481 279 535 et
297 475 452 529 caudicibus
471 474 711 528 sectis—mirabile
731 475 840 527 dIctu—
993 489 1018 528 eo

161 554 291 608 Truditur
304 570 325 606 e
343 553 411 604 sicco
430 552 509 604 radix
528 552 652 618 oleagina
670 551 756 618 ligno;

161 630 198 684 lit
216 645 297 698 saepe
315 628 427 681 alterius
446 645 535 682 ramos
553 628 655 696 inpune
674 627 797 680 videmus

161 707 278 760 Vertere
295 707 322 758 in
341 705 461 774 alterius,
480 708 668 772 mutatamque
686 704 767 757 insita
784 705 856 759 mala

160 784 246 836 Ferre
263 783 361 850 pirum,
380 785 409 834 et
427 783 520 850 prunis
538 780 662 850 lapidosa
679 779 823 834 rubescere
841 797 928 835 corna.

195 859 285 923 Quare
303 859 376 926 agite
396 875 418 925 o,
438 859 561 926 proprios
579 858 732 925 generatim
751 857 845 910 discite
863 858 958 924 cultus,
991 874 1016 913 aa

161 936 311 1004 Agricolae,
331 936 490 1004 fructusque
509 935 582 987 feros
600 934 703 987 mollite
722 935 843 999 colendo,

159 1012 222 1064 Neu
240 1029 337 1080 segnes
355 1012 462 1064 iaceant
480 1016 578 1064 terrae.
616 1010 697 1062 Iurat
718 1011 822 1063 Ismara
841 1011 947 1065 Baccho

160 1089 317 1156 Conserere,
336 1091 419 1156 atque
438 1089 498 1141 olea
515 1105 645 1156 nragnum
664 1086 765 1138 vestire
784 1086 946 1142 Taburnum.

159 1164 254 1233 Tuque
272 1166 345 1232 ades,
362 1165 556 1233 inceptumque
574 1181 627 1216 una
645 1163 761 1215 decurre
779 1163 905 1228 laborem,

159 1240 183 1294 Ο
203 1241 293 1308 decus,
312 1259 328 1295 o
347 1242 435 1294 lamae
454 1242 552 1294 merito
571 1257 635 1309 pars
653 1257 780 1293 maxuma
799 1247 915 1306 nostrae,
991 1253 1016 1293 se

159 1316 311 1385 Maecenas,
330 1319 480 1386 pelagoque
499 1317 592 1371 volans
611 1317 647 1370 da
665 1317 725 1370 vela
743 1318 855 1386 patenti.

158 1393 221 1448 Non
240 1411 290 1462 ego
309 1399 407 1447 cuncta
425 1395 493 1447 meis
512 1394 639 1462 amplecti
658 1393 780 1447 versibus
799 1398 869 1462 opto,

158 1471 229 1538 Non,
248 1471 313 1524 mihi
332 1471 354 1524 si
372 1471 479 1538 linguae
498 1475 607 1523 eentum
626 1469 686 1531 siut,
705 1487 806 1539 oraque
824 1475 941 1534 centum,

158 1547 262 1602 Ferrea
279 1563 346 1609 vox3
365 1547 438 1613 ades,
457 1550 486 1600 et
503 1547 584 1615 primi
602 1547 663 1613 lege
682 1546 768 1600 litoris
787 1563 876 1611 oram,

159 1624 192 1678 In
212 1623 335 1675 inanibus
353 1626 460 1688 torrae;
479 1639 531 1674 non
551 1623 593 1675 lric
611 1627 640 1675 te
659 1623 776 1676 carmine
795 1624 858 1676 ficto
990 1635 1016 1674 45

158 1703 253 1768 Atque
271 1716 321 1768 per
339 1699 469 1767 ambages
489 1702 517 1752 et
535 1699 615 1766 longa
634 1716 731 1753 exorsa
749 1700 855 1753 tenebo

194 1777 296 1843 Sponte
315 1792 364 1828 sua
382 1793 450 1844 quac
470 1792 501 1828 se
518 1774 619 1828 tollunt
636 1775 665 1826 in
683 1775 790 1828 luminis
809 1793 876 1838 orae,

159 1850 310 1906 infecunda
328 1852 446 1920 quidem,
465 1851 514 1904 sed
532 1851 605 1904 laeta
624 1855 653 1904 et
674 1852 755 1905 fortia
774 1857 903 1920 surgunt;

159 1928 265 1996 Quippe
279 1927 335 1982 solo
348 1931 446 1981 natura
459 1927 560 1981 subest.
601 1927 702 1981 Tamen
715 1928 782 1982 haec
794 1945 908 1996 quoque,
922 1930 943 1981 si
956 1928 1015 1996 quis

160 2005 277 2071 luserat,
297 2008 344 2057 aut
363 2003 503 2057 scrobibus
521 2004 635 2057 mandet
652 2009 759 2058 mutata
777 2005 902 2071 subactis,
991 2017 1016 2058 so

159 2081 295 2134 Exuerint
313 2081 465 2133 silvestrem
486 2082 612 2146 animum,
631 2081 760 2149 cultuque
778 2081 913 2148 frequenti

159 2157 194 2210 Iu
214 2173 397 2224 quascumque
416 2174 494 2210 voces
513 2157 580 2210 artis
598 2156 672 2209 haud
691 2156 771 2223 tarda
790 2162 943 2226 sequentur.

159 2233 289 2286 Necnon
308 2239 337 2286 et
355 2234 462 2299 sterilia,
481 2251 550 2302 qnae
571 2234 701 2301 stirpibus
719 2235 775 2287 exit
793 2233 827 2287 ab
844 2235 912 2302 imis,

160 2309 222 2362 Hoc
239 2309 326 2375 saciet,
347 2327 444 2363 vacuos
463 2311 485 2362 si
505 2311 540 2363 sit
559 2311 666 2376 digesta
684 2328 734 2378 per
753 2327 849 2378 agros3

160 2387 240 2440 Nunc
258 2386 331 2440 altae
349 2387 459 2440 frondes
478 2391 506 2439 ot
525 2387 592 2439 ranri
611 2388 706 2441 reatris
724 2393 846 2456 opacant,
993 2403 1016 2441 se

161 2465 355 2532 crescentique
374 2463 499 2516 adimunt
518 2463 599 2528 setus,
617 2468 754 2533 uruntque
771 2466 913 2519 ferentem.

160 2541 228 2605 iarn,
247 2557 318 2608 quae
337 2539 484 2593 seminibus
502 2539 579 2592 iactis
598 2557 627 2592 se
646 2541 756 2594 sustulit
772 2541 860 2610 arboe,

159 2616 250 2668 'larda
268 2617 348 2679 venit,
368 2617 435 2669 soris
454 2617 560 2669 factura
578 2617 723 2685 nepotibus
739 2619 872 2688 umbram,

160 2692 300 2761 Pomaque
320 2694 489 2760 degenerant
509 2709 586 2746 sucos
605 2693 690 2748 oblita
707 2695 819 2764 priores,

160 2769 198 2822 Et
215 2769 304 2837 turpis
321 2769 415 2822 avibus
433 2769 564 2837 praedam
583 2771 637 2824 fert
654 2788 707 2824 uva
724 2789 852 2826 racemos.
991 2783 1015 2823 ee

196 2844 302 2899 Scilicet
321 2847 444 2900 omnibus
463 2849 506 2899 est
524 2846 602 2900 labor
619 2848 816 2916 inpendendus,
834 2852 863 2901 et
881 2863 974 2900 omnes

162 2922 306 2990 Cogendae
324 2923 351 2976 in
371 2924 481 2991 sulorun,
500 2939 531 2976 ae
549 2923 636 2977 multa
654 2925 779 2985 mercede
797 2923 956 2978 domandae.

160 2998 217 3052 Sed
235 2999 338 3052 truncis
356 2999 431 3054 oleae
450 3001 552 3068 melius,
572 3002 719 3070 propagine
738 3001 807 3054 vites

161 3074 350 3142 Respondent,
369 3077 453 3130 solido
474 3078 593 3146 Paphiae
612 3078 647 3130 de
666 3077 763 3130 robore
781 3081 887 3144 myrtus
893 3098 901 3143 ;

160 3148 266 3204 Plautia
283 3155 312 3207 et
330 3152 415 3206 dirrae
434 3154 515 3222 coryli
534 3157 690 3218 naseuntur,
709 3158 738 3205 et
755 3154 850 3220 ingens
995 3164 1016 3204 tr

161 3225 304 3294 Fraxinus,
323 3228 528 3298 Herculeaeque
546 3229 627 3282 arbos
645 3230 773 3282 umbrosa
791 3243 911 3294 coronae,
