2234 3554
119 155 166 202 1a4
358 149 386 198 P.
405 149 559 199 VERGILI
577 151 742 202 MARONIS

119 232 263 298 Daedalus,
281 231 339 299 ipse
358 231 435 282 dolos
453 231 522 284 tecti
541 230 724 300 ambagesque
742 232 862 300 resolvit,

119 308 207 362 Gaeca
223 323 320 373 regens
340 307 384 358 lilo
404 307 525 374 vestigia.
563 307 603 360 Tu
622 324 730 376 quoquc
749 325 875 376 magnam
950 324 976 365 ea

121 384 230 436 Partem
248 399 330 450 opere
348 383 375 434 in
395 387 479 448 tanto,
499 384 601 436 sineret
620 383 704 451 dolor,
725 385 810 450 Ieare,
829 385 953 440 haberes·

120 460 168 512 Bis
186 463 297 512 conatus
316 464 376 511 orat
395 476 473 511 casus
492 459 620 526 effingere
639 460 667 512 in
686 477 767 526 aur0;

120 536 168 588 Bis
187 536 291 605 patriae
309 533 433 588 cecidere
452 551 556 589 luanus.
594 536 665 600 Quin
682 537 808 605 protinus
826 539 923 591 omnia

121 612 296 679 Perlegereut
315 611 406 678 oeulis,
425 612 452 663 ni
469 612 523 664 iam
543 613 708 680 praemissus
728 613 849 666 Achates

121 687 238 742 Adferat
256 692 339 756 atque
357 703 410 740 una
431 687 533 740 Phoebi
552 687 713 758 Triviaeque
732 689 865 752 sacerdos,
953 705 978 744 aa

121 763 261 832 Deiphobe
280 764 382 830 Glauci,
401 763 475 816 fatur
495 781 565 832 quae
583 765 648 818 talia
667 766 739 834 regi:

119 839 142 893 N
147 856 181 892 on
199 839 250 892 hoc
267 840 321 892 ista
340 839 390 893 sibi
408 845 517 909 tempus
536 842 690 910 spectacula
708 841 810 910 poseit;

120 915 145 968 N
149 932 199 968 unc
215 932 299 984 grego
317 915 352 969 do
371 917 472 970 intacto
492 922 597 986 septem
618 921 737 971 mactare
756 919 882 971 iuvencos

120 991 302 1058 Praestiterit,
321 992 439 1045 tetidem
457 993 542 1048 lectas
561 994 596 1046 de
616 1011 691 1047 more
710 993 836 1046 bidentis.

120 1067 230 1120 Talibus
248 1067 341 1122 adlata
362 1072 559 1122 Aenean—nee
578 1087 655 1122 sacra
673 1073 814 1122 morantur
952 1085 977 1124 so

123 1144 199 1196 lussa
217 1144 420 1198 viri—Teucros
438 1154 516 1199 vocat
534 1147 591 1200 alta
608 1146 636 1198 in
654 1145 757 1214 templa
775 1145 906 1199 sacerdos.

156 1221 283 1274 Excisum
303 1221 439 1274 Euboicae
457 1222 530 1275 latus
547 1223 643 1290 ingens
662 1223 737 1290 rupis
756 1222 784 1274 in
802 1226 919 1290 antrum,

14 1288 17 1296 ’
121 1297 179 1360 Quo
197 1297 246 1350 lati
265 1297 369 1350 ducunt
388 1298 479 1352 aditus
497 1303 614 1367 eentum,
633 1299 704 1352 ostia
723 1302 847 1363 centum

121 1372 201 1425 Unde
219 1378 304 1425 ruunt
322 1374 440 1426 totidem
459 1391 545 1440 voees,
564 1391 694 1444 responsa
714 1375 839 1443 Sibyllae.

122 1448 242 1502 Ventum
261 1453 322 1502 erat
341 1449 377 1502 ad
394 1450 485 1517 limen,
504 1468 564 1504 curn
584 1453 668 1519 virgo,
689 1452 804 1505 Poscere
822 1451 881 1504 fata
952 1465 977 1504 4⁶

121 1525 245 1592 Tempus,
264 1525 318 1589 ait;
337 1525 413 1593 deus,
433 1543 503 1594 ecee,
523 1528 605 1582 deus!
645 1529 695 1582 Oui
714 1528 780 1581 talia
798 1527 866 1580 lanti

122 1603 195 1653 Ante
214 1601 285 1654 loros
304 1600 394 1654 subito
412 1618 466 1655 non
484 1603 580 1672 voltus,
599 1621 653 1658 non
671 1605 745 1658 color
762 1620 840 1670 uuus,

121 1675 183 1728 Non
201 1680 325 1744 comptae
344 1693 469 1732 mansere
487 1696 595 1746 eomae;
614 1681 664 1734 sed
681 1684 777 1749 pectus
797 1679 932 1748 anhelum,

124 1751 159 1804 llt
178 1752 254 1805 rabie
271 1754 330 1807 fera
348 1754 430 1807 corda
448 1759 571 1822 tu'mout;
590 1758 729 1826 maiorque
748 1757 844 1826 videri,

122 1827 146 1882 N
150 1845 180 1881 ec
198 1829 313 1883 mortale
332 1846 437 1899 sonans,
458 1833 559 1887 adflata
578 1838 621 1887 est
639 1834 749 1887 numine
768 1833 877 1902 quando
957 1847 979 1884 su

123 1904 181 1958 Iam
199 1906 326 1974 propiore
346 1907 397 1960 dei.
436 1908 532 1962 Cessas
550 1911 577 1962 in
596 1914 660 1964 vota
678 1927 834 1978 precesque,

122 1981 194 2048 Tros,
214 1982 260 2048 ait,
270 1985 391 2038 ‘heneal
410 1989 516 2039 cessasl
534 2003 624 2054 neque
643 1987 714 2039 eninr
734 1990 798 2040 anto
817 1986 960 2040 dehiscent

123 2059 267 2111 Attonitae
286 2075 384 2128 magna
402 2077 450 2113 orn
468 2061 571 2114 domus.
609 2054 646 2116 Et
665 2063 731 2116 talia
749 2063 805 2116 sata

122 2134 263 2188 Conticuit.
300 2135 413 2190 Gelidus
432 2137 543 2192 'Teucris
561 2156 611 2208 per
630 2139 700 2193 dura
719 2140 840 2194 cucurrit

122 2211 191 2264 Ossa
203 2215 313 2277 tremor,
325 2213 470 2282 scinditque
483 2232 578 2283 preces
591 2233 640 2269 rex
653 2219 765 2284 pectore
778 2216 813 2269 ab
825 2217 893 2270 imo:
956 2231 980 2270 tu

126 2286 241 2354 Phoebe,
259 2289 350 2355 graiis
369 2290 465 2343 Troiae
483 2308 591 2360 semper
609 2293 737 2346 miserate
756 2292 870 2361 labores,

125 2363 251 2416 Dardana
269 2365 315 2432 qui
336 2364 442 2418 Paridis
461 2366 563 2420 direxti
583 2369 639 2421 tela
656 2385 807 2437 manusque

123 2441 227 2508 Corpus
245 2440 273 2492 in
293 2441 438 2508 Aeacidae,
458 2457 569 2508 magnas
588 2444 718 2498 obeuntia
737 2451 825 2499 terras

123 2515 174 2568 Tot
193 2516 278 2568 maria
297 2517 397 2569 intravi
417 2517 486 2570 duee
505 2525 534 2570 te
552 2521 716 2590 penitusque
734 2526 857 2590 repostas

124 2591 269 2660 Massylum
289 2594 379 2660 gentis
398 2599 597 2664 praetentaque
617 2597 741 2665 Syrtibus
759 2615 830 2665 arva,
956 2613 981 2651 eo

124 2667 183 2720 lam
201 2668 312 2722 tandem
335 2669 432 2724 ltaliae
450 2670 580 2738 fugientis
599 2675 758 2742 prendimus
777 2692 852 2741 oras;

125 2743 185 2797 Hac
204 2743 319 2798 Troiana
337 2752 417 2800 tenus
436 2746 520 2800 fuerit
539 2747 662 2803 Fortuna
681 2755 781 2805 secuta.

125 2820 181 2873 Vos
200 2837 307 2890 quoque
328 2822 492 2890 Pergameae
510 2825 563 2877 iarn
581 2826 622 2878 fas
641 2833 683 2881 est
703 2843 813 2896 parcere
831 2828 913 2895 genti,

125 2896 215 2965 Dique
233 2897 356 2967 deaeque
374 2916 474 2966 ornnes,
494 2900 592 2968 quibus
610 2903 718 2957 obstitit
738 2904 820 2957 llium
838 2906 980 2970 elingens

126 2972 217 3028 Gloria
236 2973 395 3029 Dardaniae.
432 2977 534 3044 Tuque,
554 2994 570 3029 o
589 2981 759 3032 sanctissima
777 2983 861 3047 vates,
955 2997 980 3032 ue

127 3047 252 3104 Praescia
270 3052 386 3118 venturi,
406 3051 450 3117 da,
470 3068 524 3103 non
542 3053 666 3107 indebita
683 3071 765 3123 poseo

127 3123 222 3188 Regna
241 3126 311 3178 meis
328 3127 400 3194 latis,
419 3127 498 3179 Latio
516 3129 658 3182 considere
677 3130 794 3185 Teucros

127 3197 305 3269 Errantieque
322 3201 389 3258 deos
407 3201 566 3275 agitataque
584 3206 694 3262 numina
712 3207 815 3262 Troiae.
