2234 3554
392 171 576 220 aunuluos
592 171 659 221 LIB.
679 172 744 220 VII.
942 173 988 223 216

142 250 257 308 (loniicit
273 252 356 322 inque
374 251 462 305 sinum
480 252 638 321 praecordia
656 253 691 306 ad
709 254 805 307 intima
823 253 925 321 subdit,

142 331 202 394 Quo
218 329 364 382 furibunda
381 327 492 382 domum
511 335 631 400 monstro
649 329 810 397 permisceat
829 347 943 385 0111110111.

143 405 201 471 1110,
220 407 293 459 inter
310 409 401 459 vestes·
419 410 448 459 et
465 405 535 458 levia
553 408 665 472 pectora
684 406 781 474 lapsus,

141 480 268 534 Volvitur
286 485 391 534 attactu
409 482 490 547 nullo,
508 481 632 549 fallitque
650 482 794 550 furentem,
954 496 991 538 000

141 556 289 626 Vipeream
307 557 440 625 inspirans
458 559 590 621 animam;
608 557 641 610 fit
658 557 752 611 tortile
770 559 837 612 00110

142 636 248 690 nuum
266 634 360 702 ingens
378 633 495 701 coluber,
514 634 547 687 fia
564 634 660 701 longae
677 634 768 687 taenia
785 635 878 702 vittae,

142 709 315 777 innectitque
333 725 429 776 0011100,
449 714 477 763 01
495 709 623 764 membris
642 710 760 764 lubricus
778 715 860 765 errat

142 785 183 838 Ac
200 785 265 839 dum
283 787 370 854 prima
388 786 446 840 lues
463 786 519 839 udo
537 785 663 855 sublapsa
681 804 783 840 veneno

140 860 313 929 Pertemptat
331 879 425 915 sensus
443 866 527 931 atque
545 863 650 916 ossibus
667 864 777 932 inplicat
794 865 893 933 ignem,
955 880 991 920 aas

140 936 264 991 Necdum
282 938 388 991 animus
405 942 465 992 toto
482 939 605 1007 percepit
621 943 731 1007 pectore
749 941 893 1009 flammam,

140 1013 257 1077 Mallius,
276 1019 305 1068 ct
323 1015 402 1068 solito
420 1019 538 1068 matrum
557 1016 592 1068 dc
611 1032 693 1080 more,
711 1016 800 1070 locuta
818 1021 868 1083 001,

140 1088 229 1144 Multa
246 1107 328 1159 super
345 1095 411 1144 nata
427 1091 571 1144 lacrimans
592 1091 770 1159 Phrygiisque
788 1093 954 1159 hymenaeis:

141 1166 320 1220 llxsulibusnc
338 1167 421 1220 datur
439 1167 564 1220 ducenda
583 1168 694 1219 Lavinia
712 1168 830 1235 Teucris,

140 1241 163 1294 0
181 1243 306 1310 genitori
323 1259 373 1296 nec
391 1247 420 1298 tc
438 1243 550 1296 miseret
567 1247 720 1312 gnataeque
738 1244 850 1313 tuique?
954 1260 991 1299 000

140 1318 198 1371 Nec
215 1319 310 1372 matris
328 1320 448 1387 miseret,
466 1337 547 1388 quam
565 1320 652 1388 primo
671 1320 796 1388 aquilone
814 1323 951 1393 relinquet

141 1393 273 1460 Perfidus,
291 1395 347 1449 alta
364 1400 461 1464 petens
479 1395 597 1449 abducta
615 1396 727 1464 virgine,
746 1398 866 1464 praedat

142 1473 181 1524 At
198 1488 250 1524 non
269 1473 307 1525 sic
326 1472 460 1540 Phrygius
478 1477 606 1541 penetrat
625 1472 829 1527 Lacedaemona
846 1479 940 1544 pastor

141 1547 331 1617 Ledaeamque
353 1549 483 1602 Helenam
503 1549 632 1602 Troianas
651 1549 725 1602 vexit
744 1549 780 1602 ad
797 1551 886 1605 urbes.

139 1623 212 1687 Quid
230 1628 278 1677 tua
297 1630 389 1678 sancta
407 1626 492 1679 fidcsl
512 1625 579 1694 quid
597 1643 662 1678 cura
679 1625 792 1694 antiqua
809 1631 918 1681 tuorum
954 1641 990 1682 100

140 1700 176 1753 lit
193 1702 391 1769 consanguineo
408 1703 508 1754 totiens
527 1702 593 1755 data
611 1703 726 1755 dextera
745 1703 852 1759 Turnol

139 1776 167 1830 Si
184 1793 268 1844 gener
285 1783 399 1831 externa
417 1779 521 1845 petitur
539 1778 574 1830 de
591 1783 673 1846 gente
694 1779 805 1846 Latinis,

140 1852 228 1921 quue
246 1853 332 1919 sedet,
352 1853 494 1920 Faunique
512 1859 639 1920 premunt
657 1858 685 1906 te
703 1855 776 1907 iussa
793 1855 921 1924 parentis,

139 1928 254 1981 Omnem
272 1928 399 1996 equidem
418 1929 532 1995 sceptris
549 1933 651 1981 terram
670 1945 740 1996 01100
757 1930 843 1983 libera
860 1932 961 1985 nostris

139 2003 268 2068 Dissidet,
287 2007 427 2055 externam
446 2019 515 2066 reor,
534 2005 618 2056 etsie
637 2005 729 2056 dicere
747 2005 829 2058 divos
954 2022 990 2061 aro

140 2078 176 2131 Et
195 2078 292 2144 Turno,
310 2080 332 2129 01
350 2078 439 2144 prima
456 2077 552 2130 domus
570 2083 712 2144 repetatur
730 2080 813 2147 origo,

142 2153 257 2207 lnachus
277 2153 452 2220 Acrisiusque
471 2156 563 2220 patres
581 2154 742 2221 mediaeque
761 2155 896 2223 Mycenae.

175 2230 226 2283 His
243 2230 288 2284 ubi
307 2227 472 2299 nequiquam
491 2229 571 2281 dictis
589 2234 704 2299 experta
722 2229 848 2284 Latinum

139 2306 241 2360 Contra
259 2311 333 2361 stare
351 2305 434 2372 videt,
452 2305 615 2374 penitusque
632 2307 660 2358 in
678 2306 781 2360 viscera
798 2307 903 2376 lapsum

139 2383 278 2452 Serpentis
295 2382 391 2436 furiale
408 2382 517 2450 malum,
534 2386 676 2451 totamque
694 2387 824 2451 pererrat,
955 2401 991 2440 010

139 2458 207 2512 'lum
224 2475 289 2512 vero
306 2459 410 2526 infelix,
428 2459 584 2527 ingentibus
603 2461 692 2513 excita
709 2461 844 2529 monstris,

139 2535 294 2589 Inmensum
313 2536 371 2589 sine
391 2552 466 2589 more
484 2536 550 2589 furit
567 2536 705 2605 lymphata
723 2554 773 2606 per
790 2538 899 2592 urbem:

139 2609 196 2664 Oen
215 2611 350 2683 quondam
369 2616 443 2666 torto
461 2613 576 2666 volitans
594 2613 645 2666 sub
664 2613 777 2667 verbere
795 2614 885 2681 turbo,

139 2685 226 2754 Quem
243 2688 321 2756 pueri
338 2703 436 2756 magno
453 2690 481 2741 iu
499 2705 565 2757 gyro
583 2705 667 2743 vacua
685 2691 756 2744 atria
773 2690 874 2743 circum

140 2764 244 2817 Intenti
262 2764 327 2817 ludo
346 2770 488 2830 exercent3
506 2765 552 2818 ille
571 2770 648 2820 actus
666 2766 771 2820 habena
953 2784 990 2824 000

139 2840 265 2896 Curvatis
283 2840 371 2894 fertur
388 2842 496 2909 spatiis;
515 2845 608 2911 stupet
626 2843 710 2896 inscia
728 2859 809 2912 supra

139 2915 315 2986 inpubesque
333 2933 437 2984 manus,
454 2919 553 2972 mirata
571 2919 688 2972 volubile
706 2919 823 2985 burrum

138 2991 214 3046 Dant
231 2993 334 3049 animos
351 2993 456 3063 plagae.
492 2995 517 3047 N
519 3011 553 3048 ou
572 3001 652 3049 cursu
670 2997 777 3064 segnior
794 2996 840 3050 illo

139 3068 192 3122 Per
209 3069 313 3123 medias
330 3070 413 3124 urbes
431 3071 523 3139 agitur
539 3073 707 3142 populosque
725 3072 828 3127 ferocis.

138 3145 209 3210 Quin
228 3147 310 3201 etiam
328 3147 356 3201 in
374 3147 462 3216 silvas,
480 3149 606 3202 simulato
625 3149 734 3203 numine
754 3150 861 3220 Bacchi,
954 3165 991 3206 100

139 3221 226 3281 Maius
244 3222 343 3281 adorta
359 3224 436 3280 nesae
453 3225 638 3297 maioremque
655 3242 717 3280 orsa
733 3227 862 3297 imorem,
