2242 3550
135 161 165 208 56
370 159 399 206 P.
419 159 571 206 VERGILI
588 155 752 206 MARONIS

136 239 272 292 Plurimus
291 238 446 292 Alburnum
463 239 588 306 volitans,
606 239 647 292 cni
667 255 763 292 nomen
782 240 849 293 asilo

135 316 287 369 Romanum
306 319 356 382 est,
375 319 497 368 oestrum
516 315 591 368 Graii
611 323 718 368 vertere
736 321 870 385 vcnantes,

137 395 233 460 Asper,
253 391 352 445 acerba
370 408 475 459 sonans,
495 409 549 459 quo
567 395 627 445 teta
646 392 779 445 exterrita
797 394 870 447 silvis

137 468 288 536 Diffugiunt
305 472 445 532 armenta;
461 468 528 521 lurit
545 469 696 535 mugitibus
713 470 809 522 aether
953 483 990 523 lto

136 546 287 600 Concussus
305 546 443 613 silvaeque
461 549 491 598 et
509 545 571 598 sicci
590 545 649 612 ripa
667 545 789 614 Tanagri.

137 623 198 676 Hoc
215 623 351 690 quondam
371 626 493 682 monstro
512 621 648 674 horribilis
667 623 789 676 exercuit
806 623 861 676 iras

139 698 263 752 Inachiae
283 699 351 752 luno
370 701 477 766 pestem
495 698 629 751 meditata
646 698 782 751 iuvencae.

137 776 219 829 Hunc
238 791 354 843 quoque,
372 791 434 826 nam
453 773 551 828 mediis
568 774 720 828 fervoribus
738 775 826 828 acrior
842 776 934 843 instat,

139 853 253 906 Arcebis
271 851 384 918 gravido
402 851 500 918 pecori,
519 855 696 919 armentaque
714 867 809 920 pasces
954 865 990 904 iss

137 929 199 982 Sole
217 945 311 982 recens
329 931 390 981 orto
408 931 456 980 aut
474 931 582 982 noctem
600 928 763 981 ducentibus
781 928 871 983 astris.

174 1007 238 1058 Post
256 1009 365 1074 partum
384 1022 448 1058 cura
465 1005 493 1058 in
511 1005 610 1058 vitulos
628 1005 783 1058 traducitur
800 1004 903 1069 omnis3

138 1083 327 1150 Continuoque
346 1087 424 1136 notas
443 1087 472 1136 et
489 1083 598 1135 nomina
615 1082 706 1150 gentis
723 1082 842 1148 inurunt,

138 1159 174 1213 Et
193 1177 260 1228 quos
278 1163 326 1212 aut
344 1159 435 1228 pecori
453 1159 550 1212 malint
568 1159 731 1212 submittere
749 1157 883 1226 habendo,

138 1239 198 1290 ,tut
215 1237 269 1289 aris
288 1253 397 1289 servare
416 1253 511 1301 saeros,
530 1240 578 1289 aut
597 1235 722 1289 scindere
739 1238 842 1288 terram
954 1250 991 1289 reo

138 1313 175 1366 llt
191 1329 316 1380 campum
334 1313 490 1365 horrentem
509 1312 602 1365 fractis
620 1313 757 1366 invertere
774 1311 884 1379 glaebis

139 1389 237 1442 Cetera
254 1393 403 1456 pascuntur
421 1389 515 1442 viridis
533 1392 658 1442 armenta
675 1406 725 1456 per
742 1388 854 1443 herbas:

139 1467 179 1518 Tu
198 1482 265 1534 quos
283 1465 320 1518 ad
338 1466 457 1518 studium
476 1468 560 1533 atque
578 1482 656 1520 usum
674 1464 803 1518 formabis
821 1470 967 1532 agrestem,

140 1545 200 1597 lam
217 1543 316 1596 vitulos
335 1542 453 1606 hortare,
472 1541 598 1610 viamque
616 1543 711 1595 insiste
729 1542 868 1608 domandi,

134 1620 211 1675 ⁴Dum
230 1619 322 1672 faciles
341 1618 423 1672 animi
442 1619 577 1684 iuvenum,
597 1618 662 1672 dum
681 1618 786 1672 mobilis
805 1622 895 1671 aetas:
958 1631 992 1670 res

140 1701 182 1765 Ao
200 1697 317 1765 primum
335 1695 412 1748 laxos
430 1695 506 1748 tenui
525 1693 560 1746 de
578 1695 677 1748 vimine
695 1695 790 1749 circlos

140 1774 245 1827 Cerviei
263 1773 409 1836 subnecte;
428 1771 532 1835 dehinc,
550 1771 598 1823 ubi
616 1771 703 1824 libera
721 1771 790 1826 eolla

140 1850 256 1904 Servitio
275 1849 423 1912 adsuerint‚
441 1848 507 1916 ipsis
526 1865 541 1901 e
560 1849 705 1917 torquibus
723 1853 801 1916 aptos

141 1928 227 1995 Iunge
245 1943 333 1994 pares,
351 1928 380 1979 et
398 1942 465 1993 coge
482 1925 598 1992 gradum
617 1926 741 1978 conferre
759 1926 900 1989 iuvencos;

141 2005 235 2072 Atque
253 2002 305 2056 illis
323 2002 377 2056 iam
396 2019 476 2070 saepe
494 2005 571 2055 rotae
591 2003 726 2055 ducantur
744 2002 837 2055 inanes
958 2017 995 2056 1ro

141 2081 194 2132 Per
212 2085 322 2147 terrain,
341 2083 371 2133 et
389 2096 494 2132 summo
512 2079 628 2146 vestigia
646 2079 758 2147 pulvere
777 2079 900 2146 signent;

142 2157 206 2209 Post
225 2157 315 2209 valido
333 2157 423 2209 nitens
441 2155 492 2208 sub
510 2155 632 2224 pondere
651 2156 756 2222 faginus
775 2155 833 2209 axis

143 2233 289 2301 Instrepat,
308 2236 337 2285 et
355 2233 461 2286 iunctos
479 2237 553 2286 terno
572 2232 666 2286 trahat
684 2249 780 2286 aereus
799 2232 880 2286 orbis.

144 2309 252 2369 interea
269 2309 335 2376 pubi
354 2309 503 2362 indomitae
521 2327 574 2362 non
593 2310 717 2377 gramina
736 2312 852 2374 tantum,

142 2386 166 2438 N
169 2403 200 2440 ec
218 2403 309 2439 vescas
328 2385 439 2438 salicum
458 2386 569 2440 frondes
587 2387 732 2453 ulvamque
749 2386 906 2454 palustrem,
961 2401 996 2438 us

141 2463 196 2517 Sed
208 2463 346 2516 frumenta
364 2479 445 2514 manu
464 2480 558 2530 carpes
578 2469 653 2526 sata;
671 2479 721 2516 nec
739 2463 790 2516 tibi
808 2463 888 2529 fetae,

142 2541 219 2593 More
237 2543 354 2608 patrum,
372 2539 450 2592 nivea
467 2540 609 2607 inplebunt
628 2540 785 2594 mulctraria
802 2555 906 2605 vaccae,

142 2617 197 2670 Sed
215 2621 274 2670 tota
292 2616 319 2668 in
338 2615 425 2668 dulcis
444 2620 604 2670 consument
621 2615 707 2669 ubera
724 2619 809 2669 natos.

177 2694 223 2746 Sin
241 2693 277 2746 ad
295 2693 367 2745 bella
386 2694 472 2760 maga
491 2693 613 2746 studium
632 2696 792 2760 turmasque
810 2692 915 2758 ferocis,

143 2771 202 2824 Ant
222 2770 329 2838 Alphea
347 2770 415 2822 rotis
433 2769 555 2839 praelabi
573 2769 684 2821 flumina
704 2769 790 2834 Pisae,
962 2783 999 2823 ιω

143 2846 179 2900 Et
198 2847 270 2900 lovis
288 2847 315 2899 in
333 2846 393 2899 luco
412 2862 508 2900 currus
526 2847 630 2914 agitare
649 2845 778 2900 volantis:

144 2923 250 2976 Primus
269 2925 332 2992 equi
351 2923 428 2976 labor
446 2927 497 2990 cst,
516 2923 619 2976 animos
638 2926 722 2988 atque
739 2939 815 2976 arma
833 2923 928 2976 ridere

145 2999 308 3068 Bellantem,
325 3001 463 3068 lituosque
481 2999 546 3068 pati,
564 3001 709 3066 tractuque
727 3003 882 3065 gementem

144 3076 342 3141 Panerotem,
362 3080 391 3130 et
410 3076 519 3130 stabulo
537 3076 628 3128 frenos
646 3074 742 3126 andire
761 3077 899 3138 sonantis3

144 3153 211 3206 'lum
229 3154 314 3221 inagis
332 3157 416 3220 atque
435 3153 521 3221 magis
538 3151 647 3205 blandis
664 3149 785 3217 gaudere
803 3151 927 3218 magistri
962 3165 998 3204 reo

145 3227 283 3282 Laudibus
302 3233 331 3283 et
348 3228 459 3296 plausae
478 3229 595 3284 sonitum
614 3226 725 3281 cervicis
743 3240 841 3280 amaro.
