2234 3554
117 161 162 208 198
358 155 387 204 Ρ.
407 155 560 203 VERGILI
579 156 744 206 MARONIS

117 238 253 302 Quattuor
271 236 313 290 hio
330 237 454 290 invectus
473 236 550 302 equis
570 239 598 288 et
617 236 743 304 lampada
762 254 895 306 quassans

119 315 171 368 Per
189 314 301 367 Graium
319 313 433 381 populos
451 311 612 378 mediaeque
631 329 680 380 per
702 313 786 366 Elidis
805 315 902 370 urbem

118 390 182 444 Ibat
200 406 290 457 orans,
309 389 455 455 divomque
474 386 525 439 sibi
544 388 673 455 poscebat
691 389 829 456 honorem,

118 466 250 521 Demens!
273 466 321 535 qui
338 464 445 517 nimbos
464 468 493 516 et
510 480 564 515 non
583 464 715 517 imitabile
734 465 837 520 fulmen
934 485 972 523 sae

119 543 196 597 Aere
210 546 239 596 et
256 540 431 609 cornipedum
449 540 530 608 pulsu
549 540 688 594 simularet
708 559 848 611 equorum.

120 622 159 672 nt
176 624 254 688 pater
272 619 442 686 omnipotens
461 616 546 669 densa
564 617 635 669 inter
655 617 749 671 nubila
767 619 853 672 telum

120 696 267 761 Coutorsit,
285 711 338 748 uon
357 693 403 746 ille
422 693 495 744 faces
513 709 564 744 nec
582 693 673 746 fumea
692 695 780 747 taedis

120 773 241 837 Lumina
260 770 493 838 pmecipitemquo
512 769 612 820 inmani
632 770 740 824 turbine
759 772 861 839 adegit.

120 849 243 901 Necnon
257 852 286 899 et
299 847 403 912 Tityon,
417 845 518 897 Terrae
530 845 725 913 omniparentis
739 848 886 916 alumnum,
936 864 973 901 osa

111 924 239 981 ¹(lomere
257 925 325 989 erat,
344 938 393 990 per
411 925 471 974 tota
488 937 584 974 novem
603 922 645 974 cui
663 923 756 989 iugera
774 939 872 991 eorpus

122 999 282 1066 l'orrigitur,
300 1003 444 1066 rostroque
463 998 578 1050 inmanis
598 997 688 1050 voltur
706 998 811 1052 obunco

122 1076 271 1130 inmortale
289 1076 364 1129 iocur
382 1074 498 1128 tondens
515 1073 686 1142 fecundaque
704 1077 798 1142 poenis

122 1151 233 1205 Viscera
250 1153 420 1220 rimaturque
438 1151 525 1219 opulis
542 1150 704 1219 habitatque
723 1152 773 1204 sub
791 1153 847 1206 alto

122 1227 243 1296 Pectore,
261 1245 311 1282 nee
329 1227 405 1280 fibris
423 1228 531 1295 requies
550 1226 632 1279 datur
651 1227 705 1280 ulla
723 1229 834 1282 renatis.
937 1245 973 1284 ooo

122 1304 195 1368 Quid
212 1322 360 1358 memorem
381 1304 519 1372 Lapithas,
541 1303 636 1356 lxiona
657 1304 882 1374 l'irithoumquel

122 1381 195 1446 Quos
214 1398 296 1450 super
314 1385 375 1434 atra
393 1381 460 1432 silex
479 1380 532 1431 iam
551 1380 603 1432 iam
623 1380 732 1448 lapsura
750 1381 914 1450 cadentique

123 1456 252 1510 Imminet
270 1456 416 1521 adsimilis;
439 1456 530 1508 lucent
549 1456 699 1522 genialibus
718 1457 780 1510 altis

124 1536 217 1588 Aurea
234 1532 321 1586 fulcra
338 1532 414 1599 toris,
433 1531 583 1600 epulaeque
602 1535 665 1584 ante
685 1550 732 1585 ora
750 1537 864 1602 paratae

123 1610 244 1678 chifico
262 1609 343 1673 luxu3
365 1608 509 1660 Furiarum
528 1623 655 1660 maxuma
674 1609 751 1663 iusta
938 1627 975 1666 aas

124 1687 254 1754 nemost,
273 1689 303 1740 et
319 1685 443 1738 manibus
462 1683 588 1752 prohibet
607 1685 764 1754 contingere
782 1704 899 1756 mensas,

124 1764 309 1831 Exsurgitque
326 1762 414 1816 facem
432 1760 567 1827 attollens,
587 1765 670 1829 atque
688 1763 795 1817 intonat
813 1781 868 1818 ore.

124 1840 184 1904 llic,
203 1839 302 1907 quibus
319 1838 399 1891 invisi
417 1839 524 1904 iratres,
544 1837 610 1890 dum
629 1839 684 1891 n'ta
702 1839 838 1908 manebat,

126 1915 285 1969 Pulsatusvo
302 1931 409 1983 parens,
428 1918 457 1967 et
475 1915 549 1967 fraus
568 1914 667 1966 innexa
686 1915 785 1982 clienti,

125 1995 183 2045 Aut
201 1991 247 2060 qui
266 1991 367 2045 divitiis
386 1991 436 2045 soli
454 1991 601 2045 incubuere
620 1992 748 2059 repertis,
939 2009 976 2049 ero

124 2068 149 2121 N
152 2085 183 2122 ec
199 2072 305 2137 partem
323 2086 438 2136 posuero
457 2070 520 2135 suis,
539 2084 609 2136 quae
628 2084 754 2122 maxuma
772 2070 855 2124 turba
873 2073 925 2135 est,

125 2145 232 2214 Quique
250 2144 285 2198 ob
303 2145 468 2198 adulterium
486 2145 565 2212 eaesi,
585 2144 686 2213 quique
705 2162 780 2199 orma
799 2147 886 2200 secuti

126 2221 214 2289 Impia
231 2238 281 2275 nco
298 2222 378 2275 veriti
397 2222 566 2275 dominorum
585 2221 680 2274 fallere
700 2221 821 2290 dextras,

128 2297 226 2350 luolusi
243 2314 358 2366 poenam
376 2301 542 2366 exspectant.
579 2297 604 2350 N
607 2314 622 2350 c
641 2315 742 2366 quaere
761 2299 859 2366 doceri,

125 2375 212 2440 Quam
224 2390 346 2442 poenam,
359 2377 407 2426 aut
420 2391 490 2441 quae
502 2373 589 2426 forma
602 2375 673 2426 vlros
690 2375 831 2429 fortunare
844 2377 946 2429 mersit.

125 2451 225 2505 Saxum
244 2450 339 2517 iugens
357 2449 468 2522 volvunt
487 2449 538 2516 alii,
557 2449 695 2518 radiisque
714 2455 835 2504 rotarum
940 2467 977 2505 ore

125 2525 250 2580 Districti
268 2525 405 2592 pondeut;
425 2525 510 2592 sedet,
530 2529 727 2594 aeternumque
746 2527 861 2593 sedebit,

126 2603 225 2657 Infelix
244 2601 379 2666 Theseus;
402 2601 590 2669 Phlegyasque
609 2603 776 2656 miserrimus
795 2605 883 2656 omnis

126 2679 267 2734 Admonet
285 2683 314 2732 et
332 2694 431 2746 magna
448 2681 567 2731 testatur
586 2695 650 2731 uoce
668 2695 718 2746 per
735 2679 859 2733 umbras:

125 2755 249 2809 “Discite
266 2755 397 2808 iustitiam
417 2755 520 2821 moniti,
539 2758 568 2806 ct
586 2771 638 2806 non
658 2759 781 2809 temnere
800 2756 899 2809 diros.''
940 2771 979 2810 sao

125 2831 258 2885 Vendidit
276 2831 319 2883 hic
337 2848 403 2884 auro
420 2831 545 2898 patriam,
566 2831 760 2900 (luminumque
779 2835 921 2900 potentem

126 2907 266 2976 Inposuit;
285 2907 345 2959 fixit
363 2907 438 2974 loges
456 2906 545 2974 pretio
563 2909 647 2973 atque
666 2909 773 2972 refixit;

127 2983 182 3035 Hic
199 2983 348 3035 thalamum
366 2982 466 3035 invasit
483 2986 564 3034 natac
584 2982 739 3050 vetitosque
757 2983 936 3051 lrymonaeos;

127 3059 196 3111 Ausi
214 3075 307 3110 omncs
325 3058 432 3111 inmane
450 3058 532 3124 nefas,
552 3074 672 3125 ausoque
690 3060 778 3127 potiti.

127 3132 196 3200 Nou,
214 3133 281 3185 mihi
300 3133 322 3184 si
340 3133 447 3200 linguae
465 3138 575 3186 centum
593 3133 647 3185 sint
665 3151 766 3202 oraque
784 3141 901 3201 centum,
942 3151 979 3192 ort

129 3207 305 3274 remeares,
324 3209 410 3260 omnis
428 3209 560 3261 scelerum
578 3209 764 3276 conprendere
783 3211 892 3272 formas,
