2274 3554
418 142 603 192 AENEIDOS
626 141 695 192 LIB.
719 144 755 193 11.

156 223 324 281 Commendo
342 223 421 276 sociis
439 227 468 277 et
486 239 567 276 curva
585 221 655 276 valle
673 223 805 291 reeondo;

157 303 221 371 Ipso
239 299 335 354 urbem
353 303 450 368 repeto
469 303 499 353 et
517 299 611 365 cingor
631 300 799 368 fulgentibus
817 302 905 356 armis.

156 380 218 434 Stat
238 395 316 431 casus
334 393 464 431 renovare
483 377 577 442 omnis,
597 393 762 445 omnemque
780 379 881 432 reverti
980 392 1017 434 rso

157 456 211 510 Per
229 456 346 519 Troiam,
364 458 394 507 et
412 470 507 506 rursus
528 457 611 522 eaput
631 453 769 507 obiectare
785 455 900 522 periclis

193 532 328 600 Principio
346 547 438 582 mures
457 529 627 598 obscuraque
645 529 738 582 limina
755 535 860 598 portae,

157 610 217 674 Qua
234 625 359 678 gressum
378 606 538 673 extuleram,
558 611 663 676 repeto,
682 609 711 660 et
728 607 845 675 vestigia
862 611 938 662 retro

157 686 309 740 Observata
328 700 426 752 sequor
444 687 620 750 pernoctem
639 687 668 736 et
686 682 787 737 lumino
805 685 898 738 lustro.

161 765 265 816 llorror
282 761 383 829 ubique
401 760 511 828 animos,
530 759 608 813 simul
627 760 686 827 ipsa
704 761 811 815 silentia
828 764 943 816 terrent.
978 775 1014 816 75⁵

162 840 229 892 lude
247 838 366 903 domum,
386 837 408 889 si
427 837 498 890 hirta
517 835 623 904 pedem,
642 837 664 888 si
682 837 753 890 sorte
772 839 887 905 tulisset,

158 916 203 969 hle
215 915 311 968 refero.
351 915 498 967 Inruerant
510 912 605 980 Danai,
615 917 644 966 et
653 918 757 967 tectum
767 932 846 968 omne
856 915 994 969 tenebant.

160 992 236 1045 llieet
254 991 324 1058 ignis
343 990 413 1044 edax
433 1006 538 1042 summa
556 989 592 1042 ad
610 989 718 1056 fastigia
735 995 816 1044 vento

158 1067 298 1132 Volvitur3
317 1069 485 1134 exsuperant
503 1065 634 1128 flammae,
652 1066 719 1119 furit
737 1073 828 1121 aestus
845 1067 882 1120 ad
899 1085 988 1122 aures.

158 1144 279 1197 Proeedo
297 1149 325 1196 et
346 1143 445 1196 Priami
465 1142 545 1196 sedes
563 1159 707 1211 arcemque
725 1145 820 1198 reviso.
976 1159 1013 1200 roo

158 1221 263 1274 Etiam
282 1219 431 1288 porticibus
450 1220 542 1272 vacuis
562 1219 672 1272 lunonis
690 1219 763 1287 asylo

157 1294 291 1351 Custodes
310 1296 373 1348 lecti
395 1295 516 1349 Phoenix
536 1300 565 1348 et
583 1294 659 1348 dirus
678 1295 773 1349 Ulixes

158 1373 291 1426 Praedam
311 1371 499 1425 adservabant.
540 1373 602 1426 Huc
621 1371 742 1439 undique
761 1373 841 1426 Troia
858 1390 924 1442 gaza

158 1450 278 1504 lneensis
297 1453 398 1517 erepta
411 1449 507 1517 adytis,
526 1465 690 1517 mensaeque
708 1449 829 1518 deorrmr,

157 1528 338 1594 Crateresque
359 1542 424 1578 auro
443 1525 530 1594 solidi,
548 1527 710 1594 captivaque
729 1527 813 1580 vestis
975 1536 1012 1576 res

157 1603 326 1671 congeritur.
365 1602 447 1656 Pueri
465 1605 495 1654 et
512 1603 626 1669 pau'dae
645 1602 725 1668 longo
743 1603 838 1656 ordine
856 1607 959 1658 matres

156 1681 236 1734 Stant
254 1679 359 1732 circum.

157 1760 249 1811 Ausus
269 1756 333 1824 quin
353 1757 436 1808 etiam
456 1759 539 1808 voees‘
552 1757 653 1811 iactare
672 1775 721 1824 per
739 1758 862 1811 umbram

157 1834 261 1902 inplevi
281 1832 397 1885 elamore
416 1831 481 1897 rias,
500 1837 674 1899 maestusque
693 1834 823 1886 Creusam

156 1911 328 1980 Nequiquam
342 1907 513 1974 ingeminans
525 1907 680 1974 iterumque
692 1908 847 1978 iterumque
860 1913 958 1967 vocavi.
976 1927 1012 1968 rte

157 1985 303 2052 Quaerenti
325 1988 354 2037 et
372 1985 453 2035 tectis
471 1982 546 2034 urbis
565 1984 623 2036 sine
641 1984 695 2036 fine
713 1984 815 2038 furenti

157 2064 255 2118 infelix
275 2061 449 2113 simulacrum
471 2063 552 2124 atquo
571 2060 655 2126 ipsius
673 2059 770 2113 umbra
789 2063 907 2118 Creusae

157 2143 223 2194 Visa
241 2137 305 2190 mihi
326 2139 390 2188 anto
410 2136 500 2188 oeulos
518 2139 547 2187 et
565 2139 630 2188 nota
648 2136 733 2188 maior
751 2137 847 2206 imago.

157 2216 290 2283 Obstipui,
312 2217 504 2280 steteruntque
522 2229 615 2266 comae
634 2217 663 2266 et
680 2229 732 2266 vox
750 2215 870 2271 saucibus
887 2220 983 2277 haesit

156 2296 225 2347 Turn
243 2292 280 2345 sie
299 2289 384 2342 adfari
405 2293 433 2342 et
452 2305 529 2342 curas
548 2291 590 2343 his
608 2291 719 2344 demere
738 2293 830 2348 dietis:
976 2315 1011 2356 77⁵

157 2371 230 2436 Quid
248 2371 355 2424 tantum
375 2369 480 2445 insano
491 2367 567 2421 iuvat
585 2369 728 2438 indulgere
746 2371 839 2442 dolori,

92 2501 95 2508 ,
157 2449 180 2502 Ο
200 2448 285 2502 duleis
303 2447 438 2503 coniunxi
461 2466 515 2503 non
534 2447 601 2502 haee
620 2446 678 2500 sine
695 2451 804 2504 numine
823 2453 913 2507 divom

157 2526 306 2591 Eveniunt;
323 2543 374 2580 nee
393 2529 422 2580 te
441 2527 504 2581 hine
523 2527 649 2580 comitem
669 2532 810 2598 asportare
829 2529 959 2584 Creusam
1014 2539 1018 2544 ’

67 2661 72 2670 ,
157 2605 210 2658 Pas
227 2607 276 2658 aut
292 2605 338 2657 ille
357 2605 422 2657 sinit
442 2606 533 2674 superi
552 2611 680 2673 regnator
699 2607 812 2675 Olympi.

156 2683 249 2751 Longa
261 2681 311 2735 tibi
324 2681 426 2751 exsilia,
440 2685 470 2737 et
483 2687 590 2736 vastum
604 2684 687 2736 maris
699 2701 800 2753 aequor
812 2687 951 2748 arandum,
976 2699 1012 2740 rso

155 2760 192 2814 Et
209 2765 311 2814 terram
332 2760 493 2830 Hesperiam
515 2765 613 2831 venies,
633 2761 679 2814 ubi
699 2761 801 2830 Lydius
819 2777 883 2814 arva

156 2837 234 2891 Inter
251 2839 341 2906 opima
359 2839 447 2894 virum
466 2840 521 2896 leni
541 2841 601 2894 fluit
619 2845 728 2912 agmine
747 2838 872 2905 Thybris:

156 2914 216 2968 Illic
233 2933 278 2970 res
295 2918 384 2972 laetae
403 2938 576 2990 regnumque
595 2928 623 2974 et
641 2922 716 2989 regia
734 2918 849 2972 eonirmx

156 2991 239 3046 Parta
256 2994 314 3048 tibi.
356 2997 495 3050 Lacrimas
514 2998 630 3050 dilectae
648 2997 719 3065 pelle
740 2996 868 3049 Creusae:

156 3067 218 3121 Non
235 3088 286 3139 ego
306 3073 509 3141 Myrmidonum
529 3074 608 3126 sedes
629 3073 797 3140 llolopumve
816 3073 946 3139 superbas
975 3084 1011 3125 ⁷85

156 3144 302 3215 Aspiciam,
320 3152 368 3202 aut
387 3149 477 3203 Graiis
495 3150 627 3203 servitum
644 3148 779 3203 matribus
795 3147 847 3218 ibe,

156 3221 300 3288 Dardanis,
317 3227 347 3280 et
364 3224 444 3279 dirae
461 3225 580 3280 Veneris
597 3241 693 3290 nurum
