2274 3554
419 140 602 189 AENEIDOS
620 139 692 190 LlB.
711 138 748 190 ΙΙ,
969 140 1013 190 11’(

159 223 233 275 'lulla
250 219 393 288 icet-ubam,
411 224 441 274 et
458 218 559 274 furiam
576 225 669 274 mente
686 219 814 290 ferebar,]

157 299 226 353 Cium
245 298 311 350 milri
330 315 366 362 se,
384 314 437 350 non
455 301 519 350 ante
537 297 621 350 oeulis
639 303 697 350 tam
715 297 795 364 clara,
813 295 960 352 videndam

148 375 267 430 'Obtulit
285 380 313 428 et
332 392 401 444 pura
418 392 469 443 per
487 379 593 428 noctem
613 375 642 426 in
661 375 720 428 lucc
738 375 846 428 refulsit
979 388 1016 427 sac

158 453 240 506 Alma
257 469 363 522 parcns,
382 452 504 504 confessa
522 451 609 518 deam,
628 451 770 520 qualisque
789 453 876 506 videri

158 529 299 584 Caelicolis
318 533 347 582 et
366 533 469 596 quanta
487 527 564 595 solet,
583 527 738 596 dextraque
756 529 921 597 prehensum

157 606 306 672 Continnit,
325 621 458 673 roseoque
477 603 544 658 haec
560 605 672 673 insuper
690 605 799 658 addidit
816 622 875 660 ore:

158 682 238 748 Nate,
256 684 318 750 quis
336 681 482 734 indomitas
501 684 595 734 tantus
614 681 691 734 dolor
709 682 812 736 excitat
830 683 901 736 irasl

157 759 231 823 Quid
248 759 332 812 furisl
351 761 399 812 aut
417 774 534 825 quonam
553 758 639 810 nostri
658 757 709 812 tibi
727 775 792 812 eura
809 759 939 813 recessit?
979 774 1015 816 aas

157 835 220 890 Non
237 836 314 905 prius
331 835 451 903 aspicies,
470 833 517 886 ubi
535 833 636 886 fessum
655 839 747 888 aetate
764 839 909 904 parentem

157 912 283 980 Liqueris
303 911 460 966 Anchisenl
479 914 591 979 superet
608 912 761 965 coniunxne
780 912 889 979 Creusa,

157 989 345 1057 Ascaniusque
365 989 449 1056 pucrl
467 1003 537 1055 quos
556 987 643 1041 omnis
661 987 784 1057 undique
803 990 902 1042 Graiae

157 1065 360 1120 Circumcrrant
378 1065 457 1130 aeica,
476 1069 512 1130 ct,
531 1063 558 1116 ni
578 1081 639 1118 moa
657 1081 722 1117 cura
740 1065 858 1132 resistat,

158 1142 218 1196 Iam
236 1142 361 1196 flammae
380 1142 494 1196 tulerint
511 1142 636 1195 inimicus
654 1145 683 1195 ct
701 1141 823 1195 hauserit
841 1142 919 1196 ensis
977 1153 1013 1194 aab

157 1219 219 1272 Non
236 1217 287 1272 tibi
306 1219 468 1287 Tyndaridis
486 1218 569 1272 facies
587 1217 673 1271 invisa
691 1218 831 1272 Lacaenac

157 1295 324 1363 culpatusve
344 1295 429 1361 Paris,
446 1295 537 1369 divom
556 1294 737 1360 inclementia,
756 1294 854 1362 divom,

157 1372 217 1426 Has
234 1372 335 1426 evertit
352 1389 418 1440 opes
436 1372 590 1440 sternitque
608 1389 624 1424 a
642 1371 758 1424 culmine
777 1371 889 1425 Troiam.

157 1449 411 1519 Aspice-namque
429 1465 545 1516 omnem,
564 1465 635 1517 quac
652 1464 723 1501 nunc
742 1446 860 1502 obducta
877 1449 967 1502 tuenti

157 1525 282 1580 Mortalis
300 1525 414 1579 hebetat
431 1525 505 1579 visus
523 1524 574 1578 tibi
592 1529 621 1579 et
639 1525 753 1578 humida
769 1525 870 1578 circum
975 1540 1012 1580 coo

156 1603 269 1671 Caligat,
288 1600 388 1656 nubem
407 1603 585 1672 eripian1;tu
602 1619 637 1656 ne
655 1619 709 1672 qua
726 1602 848 1672 parentis

157 1681 236 1734 Iussa
253 1681 328 1746 time,
346 1696 400 1732 neu
419 1679 573 1748 praeceptis
590 1696 688 1748 parcre
706 1695 833 1732 recusa·-

61 1763 64 1768 '
157 1757 217 1824 Hic,
236 1756 431 1820 ubidisicctas
449 1755 535 1808 moles
553 1756 699 1824 avolsaque
718 1756 789 1810 saxis

156 1835 227 1888 Saxa
244 1835 322 1888 vides
338 1833 479 1900 mixtoque
497 1832 647 1885 undantem
664 1832 777 1900 pulvere
795 1833 906 1901 fumum,

155 1911 302 1980 Neptunus
319 1924 411 1963 muros
430 1923 582 1976 rrrugnoque
600 1912 692 1961 emota
709 1908 821 1963 tridenti
975 1923 1011 1964 olo

156 1987 348 2040 Fundamenta
365 1984 455 2051 quatit
472 1988 615 2051 amnique
632 2001 649 2036 a
667 1983 777 2036 sedibus
794 1985 890 2039 urbem

156 2063 241 2116 Eruit.
280 2061 334 2115 Hic
354 2060 424 2112 Iuno
443 2059 541 2112 Scaeas
560 2059 716 2112 saevissima
733 2065 827 2128 portas

156 2138 249 2190 Prima
266 2139 352 2200 tenet,
371 2135 527 2202 sociumque
545 2134 638 2187 furens
656 2135 804 2189 anavibus
822 2154 919 2206 agmen

156 2215 242 2267 Ferro
260 2211 381 2266 accincta
398 2213 485 2263 vocat.

156 2291 216 2344 Iam
234 2304 354 2342 summas
371 2303 447 2340 arcos
466 2287 594 2353 Tritonia,
613 2287 723 2356 respice,
744 2287 833 2344 Pallas
975 2308 1011 2346 un

157 2365 270 2432 Insedit,
290 2365 382 2418 nimbo
400 2363 532 2432 effiilgens
550 2368 579 2418 et
597 2364 723 2430 Gorgone
741 2381 827 2420 saeva.

157 2443 221 2512 Ipse
240 2444 323 2496 Pater
341 2443 444 2496 Danais
462 2441 566 2494 animos
583 2441 703 2510 virisque
721 2444 852 2498 secundas

156 2519 267 2588 Sufficit,
284 2520 343 2588 ipse
361 2519 427 2572 deos
445 2519 473 2572 in
493 2518 621 2572 Dardana
638 2519 753 2572 suscitat
770 2537 852 2576 arma.

156 2597 245 2666 Eripe,
263 2599 335 2663 nate,
353 2595 453 2664 fugam,
473 2597 610 2664 finemque
628 2595 726 2664 inpone
744 2596 835 2650 labori.

154 2673 297 2743 Nusquam
316 2672 406 2741 abero,
424 2677 452 2726 et
471 2676 561 2726 tutum
578 2673 668 2742 patrio
686 2676 714 2725 te
732 2673 824 2726 limine
843 2674 945 2727 sistam.

155 2750 276 2817 Dixerat,
296 2753 324 2804 et
342 2751 436 2818 spissis
454 2749 541 2804 noctis
559 2766 589 2802 se
607 2749 730 2802 condidit
748 2749 858 2804 umbris.

155 2827 301 2896 Adparent
318 2826 395 2880 dirae
412 2827 495 2880 facies
512 2826 675 2894 inimicaque
695 2825 790 2880 Troiae

123 2954 125 2956 .
155 2901 274 2956 Numina
291 2919 391 2970 arabena
408 2901 496 2956 deum.
712 2901 713 2904 ’

189 2978 257 3034 Tum
275 2995 340 3032 vero
358 2995 437 3032 omne
455 2979 521 3032 milri
540 2977 626 3031 visum
645 2977 786 3032 considere
803 2977 831 3030 in
848 2977 919 3043 ignis

79 3089 82 3095 ·
156 3053 237 3108 Ilium
256 3058 284 3108 et
301 3072 336 3108 ex
353 3056 408 3108 imo
426 3057 496 3108 verti
515 3053 655 3123 Neptunia
673 3053 767 3118 Troia;
975 3069 1010 3108 aas

156 3133 198 3184 Ac
215 3131 299 3184 veluti
319 3131 431 3184 summis
449 3132 590 3199 antiquam
607 3130 635 3183 in
654 3129 792 3183 montibus
810 3146 905 3184 ornum

156 3205 222 3260 Cum
241 3206 313 3258 ferro
331 3207 450 3268 accisam¹
463 3206 622 3274 crebrisque
639 3205 802 3290 bipennibus
819 3207 927 3276 instant,
962 3254 965 3259 .
