2232 3556
142 152 190 202 296
378 150 407 200 1³.
425 150 580 198 VERGILI
597 147 762 200 MARONIS

142 233 289 286 Tantorum
308 233 428 302 inpensis
447 247 576 299 operum;
597 231 634 282 nil
653 230 725 286 dona
742 249 831 303 neque
848 244 948 284 aurum

142 308 167 360 N
169 325 201 361 cc
218 325 330 376 magnas
349 309 465 363 valuisse
484 323 591 374 preces;
615 306 670 360 alia
688 326 765 362 arma
783 307 890 362 Latinis

143 385 312 452 Quaerenda,
331 391 380 438 aut
397 401 491 453 pacem
511 382 626 435 Troiano
644 383 679 436 ab
697 403 763 454 rege
781 383 940 454 petendum.
959 397 995 435 aaa

142 460 243 513 Deficit
261 462 365 528 ingenti
384 462 460 513 luctu
479 477 527 511 rex
545 459 604 526 ipse
624 460 744 518 Latinus.

143 537 265 591 Fatalem
286 539 398 591 Aenean
417 535 561 590 manifesto
579 537 690 590 numine
708 538 773 591 ferri

143 613 343 667 Admonetira
361 615 443 666 deum
462 611 614 679 tumulique
632 617 696 666 autc
715 631 762 666 ora
780 615 912 666 recentes.

145 689 215 756 llrgo
234 690 376 743 concilium
395 705 522 756 magnum
540 687 697 756 primosque
716 706 825 743 suorum

143 765 253 832 inperio
271 767 373 818 accitos
391 765 447 818 alta
465 764 538 816 iutra
556 763 650 817 limina
668 766 747 834 cogit.
959 782 995 819 [35
1091 778 1092 788 ¹

143 841 196 892 Olli
216 857 373 910 convenere,
393 842 535 908 fluuntque
554 838 590 892 ad
608 842 684 908 regia
702 843 789 910 plenis

142 917 319 971 'lectariis'
337 918 422 972 Sedet
439 918 467 969 iu
485 915 583 969 mediis
602 921 631 969 et
649 935 792 972 maxumus
810 931 876 970 aevo

143 994 179 1047 llt
197 995 301 1063 primus
319 995 441 1064 sceptris,
458 993 533 1046 haud
551 992 623 1046 lacta
640 993 737 1062 fronte,
757 995 875 1048 Latinus.

143 1074 238 1140 Atque
256 1071 299 1124 hic
317 1071 421 1140 legatos
441 1070 541 1123 Aetola
560 1085 594 1121 ex
613 1070 679 1123 urbo
698 1072 831 1138 remissos,

143 1147 218 1210 Quae
235 1149 362 1214 referant,
381 1148 432 1200 fari
449 1145 534 1210 iubet,
553 1149 582 1198 et
601 1163 730 1214 respousa
747 1148 867 1214 reposcit
957 1164 994 1203 aso

143 1224 245 1277 Ordine
264 1228 361 1278 cuneta
379 1240 434 1276 suo.
470 1223 538 1275 Tum
557 1223 629 1274 facta
647 1223 756 1276 silentia
773 1224 878 1292 linguis,

144 1299 179 1352 Et
199 1301 321 1354 Venulus
340 1301 413 1354 dicto
432 1315 529 1368 parens
549 1299 586 1351 ita
604 1299 688 1351 farier
706 1300 780 1354 infit:

178 1377 312 1443 Vidimus
332 1395 348 1430 o
367 1377 445 1442 cives,
465 1375 626 1428 Diomedem
647 1376 805 1444 Argivaque
823 1381 918 1445 castra,

146 1455 238 1520 Atque
256 1453 310 1505 iter
327 1454 428 1505 emensi
447 1469 524 1504 casus
543 1452 728 1519 superavimus
747 1453 841 1519 onmis,

144 1527 366 1597 Contigimusquo
385 1545 501 1595 manum,
521 1545 575 1596 qua
593 1527 709 1580 concidit
729 1528 781 1580 Ilia
798 1529 886 1582 tellus.
956 1544 994 1584 2⁴5

144 1601 195 1654 Ille
213 1603 308 1655 urbem
331 1604 493 1671 Argyripam
512 1604 618 1673 patriae
637 1605 793 1671 cognomine
810 1605 900 1672 gentis

144 1678 240 1731 Victor
257 1679 376 1747 Gargani
397 1680 532 1733 condebat
552 1679 661 1748 Iapygis
679 1681 758 1748 agria

144 1753 291 1823 Postquam
310 1757 468 1824 introgressi
488 1760 517 1808 et
535 1773 625 1809 coram
645 1756 709 1810 data
727 1757 804 1826 copia
821 1757 903 1826 fandi,

143 1829 258 1884 Munera
276 1833 462 1900 praeferimus,
481 1849 580 1885 nomeu
599 1833 771 1902 patriamque
789 1833 933 1898 docemus;

144 1907 195 1970 Qui
208 1906 309 1961 bellum
323 1909 472 1974 intulerint,
483 1927 553 1976 quae
566 1926 660 1961 crriissa
673 1910 818 1963 attraxerit
834 1912 921 1977 Arpos
958 1925 997 1964 aso

145 1983 256 2037 Auditis
275 1985 320 2039 ille
338 1986 403 2038 haec
421 1985 527 2053 placido
546 1985 584 2036 sic
602 1985 724 2038 reddidit
742 2002 801 2038 ore:

144 2059 166 2111 0
185 2060 339 2115 fortunatae
357 2067 460 2129 gentes,
480 2061 608 2113 Saturnia
625 2078 716 2128 regua,

143 2136 259 2204 Antiqui
279 2138 400 2205 Ausonii,
420 2153 489 2204 quae
507 2153 555 2188 vos
573 2137 682 2188 fortuna
700 2137 807 2204 quietos

143 2212 284 2278 Sollicitat¹
305 2213 457 2282 suadetque
475 2212 569 2279 ignota
586 2211 719 2264 lacessere
737 2211 825 2266 bellal

143 2288 312 2356 Quicumque
332 2289 428 2341 Iliacos
446 2289 519 2340 ferro
537 2287 695 2340 violavimus
714 2304 837 2356 agros-
959 2305 998 2345 sss

143 2362 225 2415 Mitto
244 2380 282 2428 ea,
301 2381 371 2432 quae
389 2364 474 2414 muris
492 2362 618 2415 bellando
638 2363 771 2417 exhausta
789 2365 839 2417 sub
858 2365 930 2432 altis,

143 2440 216 2503 Quos
235 2439 332 2492 Simois
350 2443 457 2506 premat
474 2438 520 2490 ille
538 2439 754 2492 viros—infanda
771 2457 821 2508 per
839 2440 933 2493 orbern

142 2515 279 2584 Supplicia
298 2520 326 2568 et
344 2514 476 2568 scelerum
494 2531 594 2581 poenas
614 2516 793 2584 expendimus
811 2533 912 2583 omnes,

144 2591 195 2644 Vel
215 2591 323 2644 Priamo
341 2591 496 2644 miseranda
513 2607 622 2656 manum
642 2592 692 2644 scit
711 2593 791 2645 triste
810 2593 954 2646 Minervae

143 2667 224 2720 Sidus
242 2673 271 2720 ct
291 2668 426 2721 Euboicae
444 2671 537 2720 cautos
555 2667 682 2734 ultorque
701 2667 865 2735 Caphereus.
960 2685 1000 2724 aso

143 2743 242 2796 Militia
260 2761 293 2796 ex
312 2745 358 2797 illa
376 2745 515 2796 diversum
533 2743 569 2795 ad
587 2743 653 2795 litus
672 2743 761 2797 abacti

144 2819 258 2871 Atrides
278 2820 370 2873 Protei
388 2820 529 2871 Menelaus
548 2819 669 2884 adusque
689 2819 827 2872 columnas

143 2895 263 2958 Exsulat,
286 2897 424 2946 Aetnaeos
445 2895 515 2946 vidit
535 2893 666 2960 Cyclopas
688 2893 789 2946 Ulixes.

144 2968 241 3036 Regna
260 2969 433 3036 Neoptolemi
453 2969 579 3034 referam,
602 2984 750 3034 versosque
769 2970 877 3036 penatis

144 3044 300 3096 Idomeneil
324 3044 458 3108 Libycone
478 3043 628 3096 habitantis
648 3043 727 3094 litore
750 3043 864 3096 Locrosl

145 3118 207 3184 lpse
226 3118 388 3184 Mycenaeus
408 3134 566 3184 magnorum
588 3117 684 3168 ductor
704 3118 836 3170 Achivom

142 3190 271 3258 Coniugis
292 3193 419 3245 infandae
438 3192 526 3262 prima
543 3191 617 3244 iutra
635 3191 727 3242 limina
745 3191 843 3247 dextra
