2234 3554
381 159 562 206 AENEIDOS
581 161 648 208 LIB.
669 160 749 208 VIII.
950 161 997 210 229

145 239 263 305 humina,
282 239 336 290 rite
354 237 426 289 cavis
443 237 545 290 undam
565 237 599 290 de
619 237 728 291 flumine
746 239 843 306 palmis

142 315 272 380 Sustinet,
291 329 322 365 ac
340 312 403 365 talis
421 313 535 366 effundit
553 313 588 366 ad
606 314 718 368 aethera
735 331 827 367 voees:
968 330 992 372 to

141 390 291 458 Nymphae,
304 389 455 442 Laurentes
468 389 617 457 Nymphae,
629 407 715 458 genus
727 390 852 444 amnibus
861 393 935 446 unde
944 399 994 461 est,

141 467 242 534 Tuque,
260 482 277 518 o
296 465 396 533 Thybri
415 469 461 518 tuo
479 467 588 533 genitor
605 484 668 520 cum
686 467 796 520 flumine
816 473 917 534 sancto,

140 542 266 610 Accipite
286 543 405 605 Aenean,
426 547 454 595 et
473 542 584 596 tandem
604 547 695 597 arcete
713 543 827 612 periclis.

141 619 201 683 Quo
218 621 247 672 to
265 635 381 685 cumque
399 619 480 684 lacus,
499 620 675 674 miserantem
694 620 865 674 incommoda
883 625 985 690 nostra,

140 697 228 750 Fonte
246 697 330 758 tenet,
350 710 520 762 quocumque
539 697 595 749 solo
613 696 811 764 pulcherrimus
829 698 894 766 exis,
969 713 993 755 ts

140 773 255 840 Semper
272 771 374 823 honoro
392 787 459 836 moe,
478 789 585 840 semper
603 773 777 826 celebrabere
796 773 881 842 donis,

140 849 271 916 Corniger
293 847 476 916 Hesperidum
495 847 607 902 Flauius
624 853 753 916 regnator
771 867 910 918 aquarum.

141 924 226 978 Adsis
245 942 261 976 o
280 927 387 977 tantum
406 929 435 977 ct
452 926 563 993 propius
581 930 629 979 tua
647 927 758 979 numina
776 927 876 981 firmes.

140 1001 184 1055 Sic
203 1003 343 1068 memorat,
361 1000 538 1068 geminasque
555 1002 622 1069 legit
641 1002 676 1054 de
694 1003 779 1055 cla-sse
797 1003 915 1069 biremis,

140 1077 320 1146 Remigioque
339 1081 431 1146 aptat;
450 1077 535 1130 socios
554 1078 632 1130 simul
652 1078 763 1132 instruit
782 1081 870 1132 armis.
968 1095 994 1134 so

174 1155 243 1208 Ecce
256 1158 347 1208 autem
362 1154 482 1207 subitum
493 1158 576 1222 atque
594 1153 677 1206 oculis
692 1154 816 1208 mirabile
833 1158 993 1224 monstrum,

140 1231 263 1285 Candida
280 1249 330 1301 per
348 1232 441 1284 silvam
461 1248 521 1284 cum
540 1231 599 1284 fetu
616 1231 740 1283 concolor
758 1231 820 1284 albo

145 1307 288 1361 l'rocubuit
306 1307 442 1377 viridique
462 1309 490 1361 in
510 1307 589 1360 litore
609 1307 772 1375 conspicitur
791 1325 850 1362 sus:

140 1384 226 1448 Quam
244 1384 305 1454 pius
324 1386 435 1438 Aeneas
453 1384 504 1437 tibi
523 1384 602 1452 enim,
621 1382 679 1450 tibi,
699 1399 826 1438 maxuma
845 1385 922 1451 luno,

140 1461 251 1529 Mactat,
271 1462 461 1528 sacraferena
480 1466 587 1518 etcum
606 1477 691 1529 grege
709 1461 783 1514 sistit
801 1461 837 1514 sd
855 1477 936 1514 aram.
967 1475 992 1514 ss

139 1537 254 1606 Thybris
272 1555 305 1591 ea
321 1539 439 1606 fluuium,
459 1555 541 1607 quam
559 1538 640 1606 longa
658 1542 709 1606 est,
727 1541 807 1592 nocte
826 1540 979 1591 tumentem

142 1614 237 1680 leniit,
257 1618 286 1668 et
305 1616 388 1668 tacita
405 1616 522 1669 refluens
540 1615 580 1668 ita
599 1615 723 1669 substitit
741 1615 822 1681 unda,

140 1690 267 1745 Mitis'ut
285 1692 313 1744 in
332 1709 435 1744 morem
454 1692 542 1758 stagni
560 1691 739 1760 placidaeque
757 1691 865 1760 paludis

140 1766 282 1820 Sterneret
299 1783 401 1834 aequor
418 1768 503 1834 aquis,
520 1785 596 1821 remo
614 1772 646 1821 ut
664 1768 800 1820 luctamen
818 1767 935 1822 abesset.

141 1841 213 1909 llrgo
231 1843 285 1895 iter
303 1844 440 1910 inceptum
458 1843 579 1895 celerant
597 1859 706 1896 rumore
723 1844 848 1896 secundo.
974 1843 994 1882 ⁹¹

140 1917 255 1970 Labitur
272 1922 355 1970 uncta
372 1917 449 1970 vadis
467 1917 556 1982 abies;
572 1919 706 1970 mirantur
724 1923 752 1971 et
770 1919 868 1984 undae,

141 1993 259 2045 Miratur
277 2010 373 2046 nemus
391 1993 526 2044 insuetum
544 1992 677 2059 fulgentia
694 1993 773 2060 longe

140 2067 223 2121 Scuta
240 2069 328 2121 virum
346 2067 427 2120 fluvio
452 2068 594 2134 pictasque
612 2067 706 2120 inuare
724 2069 835 2122 carinas.

140 2143 194 2197 Olli
212 2145 325 2210 remigio
343 2147 505 2210 noctemque
524 2141 651 2210 diemque
668 2143 792 2210 fatigant,

142 2221 177 2274 nt
195 2220 290 2288 longos
309 2223 438 2288 superant
456 2218 549 2284 flexus,
568 2219 704 2286 variisque
723 2222 854 2286 teguntur
969 2237 994 2275 as

144 2296 302 2363 Arboribus,
320 2295 469 2364 viridisque
487 2301 580 2348 secant
598 2295 704 2362 placido
722 2311 840 2362 aequore
858 2295 945 2350 silvas.
1006 2345 1008 2350 .

141 2373 185 2426 Sol
204 2374 324 2426 medium
342 2372 409 2427 caeli
427 2372 622 2426 conscenderat
640 2372 735 2438 igneus
753 2371 855 2438 orbem,

141 2452 209 2503 Cum
228 2467 322 2502 muros
337 2465 482 2517 arcemque
500 2449 594 2516 procul
612 2465 644 2501 ac
662 2465 725 2501 rara
742 2447 884 2502 domorum

141 2525 224 2579 'lecta
242 2525 350 2590 vident;
369 2543 439 2594 quae
458 2542 530 2578 nunc
549 2525 673 2578 Romana
690 2525 814 2593 potentia
831 2525 906 2578 caelo

143 2604 295 2671 Aequavit;
313 2607 371 2656 tum
390 2619 434 2657 res
452 2603 547 2670 inopes
565 2601 710 2655 Euandrus
727 2601 852 2656 habebat.
958 2615 995 2655 tm

142 2679 223 2732 Ocius
241 2679 388 2732 advertunt
406 2695 507 2747 proras,
526 2679 642 2748 urbique
660 2678 850 2747 propinquant.

177 2756 261 2810 Forte
278 2755 323 2808 die
342 2756 497 2810 sollemnem
516 2756 563 2809 illo
580 2773 630 2810 rex
651 2758 738 2808 Areas
756 2753 884 2808 honorem

143 2831 404 2901 Amphitryoniadae
422 2849 519 2900 magno
538 2832 661 2900 divIsque
679 2830 786 2884 ferebat

142 2909 217 2961 Ante
235 2909 331 2962 urbem
349 2910 376 2962 in
394 2909 462 2962 luco.
500 2907 589 2962 Pallas
607 2907 669 2960 huic
687 2907 757 2959 filius
774 2923 836 2972 una,

141 2984 204 3037 Una
222 3001 315 3037 omnes
332 2985 458 3036 iuvenum
476 2984 557 3053 primi
575 2999 733 3052 pauperque
752 2986 861 3036 senatus
958 2995 993 3036 105

141 3060 215 3114 'lura
232 3061 341 3120 dabant
360 3060 523 3129 tepidusque
541 3077 620 3114 eruor
638 3058 761 3112 fumabat
778 3057 814 3110 ad
831 3074 900 3112 aras.

142 3136 183 3192 Ut
201 3139 284 3192 celsas
303 3137 397 3192 videre
415 3141 495 3204 rates,
514 3142 596 3206 atque
614 3138 686 3190 inter
704 3151 818 3204 opacum

143 3213 245 3270 Adlabi
263 3218 413 3277 samosat
431 3215 521 3268 tacitis
539 3213 695 3268 incumbere
712 3213 805 3270 remis.
