2232 3556
142 145 190 192 262
370 144 399 190 P.
419 143 571 190 VERGILI
596 142 729 190 MARON
732 142 764 190 IS

143 222 283 289 Constitit,
301 226 366 276 ante
385 224 478 276 lovem
497 223 610 291 supplex
629 240 678 291 per
695 227 759 276 rota
775 225 917 291 precatus:

100 341 102 344 .
145 299 270 367 luppiter
288 302 465 368 omnipotens,
484 299 632 352 audaeibus
651 299 740 352 adnue
758 299 868 366 coeptis.
957 314 994 353 aaa

145 375 208 443 lpse
226 375 278 430 tibi
297 375 332 428 ad
351 381 399 428 tna
417 376 520 444 templa
538 376 625 428 leram
643 376 783 428 sollemnia
801 375 880 442 dona,

144 452 179 505 ilt
198 455 318 507 statuam
337 459 400 504 ante
419 469 480 505 aras
498 456 595 504 aurata
610 453 702 505 fronte
720 453 871 518 iuvencum,

144 528 319 593 Gaudentem,
338 529 497 597 pariterque
515 533 598 596 eaput
615 545 676 582 cum
695 532 783 582 matre
801 529 943 594 ferentem,

146 606 203 659 lam
221 622 305 658 cornu
322 607 399 674 petat
417 609 446 658 et
463 605 580 672 pedibus
599 605 645 672 qui
664 608 776 673 spargat
791 621 911 658 arenam.

145 683 242 735 Audiit
261 685 290 735 et
307 681 375 735 caeli
395 681 510 735 Genitor
528 683 564 734 de
582 684 662 748 parte
681 697 777 734 serena
956 696 994 734 aaa

144 758 268 810 Intonuit
286 757 407 820 laevum3
431 760 511 810 sonat
528 773 583 809 una
599 756 693 810 fatifer
710 774 796 811 arcus.

144 834 247 901 Effugit
264 833 432 886 horrendum
450 833 571 886 stridens
589 833 709 887 adducta
727 834 836 901 sagitta,

144 909 251 978 Perque
270 913 352 976 caput
371 908 479 962 Remuli
497 909 573 962 venit
591 912 620 962 et
637 925 703 962 aava
720 913 845 978 teurpora
861 909 935 964 ferro

143 985 261 1038 Traiicit.
298 985 320 1051 1,
342 984 430 1038 verbis
447 985 579 1038 virtutem
596 985 691 1038 inlude
709 987 848 1055 superbis!

146 1061 191 1115 Bis
203 1061 276 1130 capti
290 1061 412 1129 Phryges
424 1061 490 1114 haee
504 1060 613 1114 Rutulis
625 1077 755 1130 responsa
770 1063 922 1118 remittunt
956 1078 993 1117 aas

144 1138 204 1192 Hoe
222 1142 328 1192 tantum
349 1138 497 1202 Ascanius;
518 1139 615 1192 Teucri
633 1139 750 1192 elamore
768 1143 919 1207 sequuntur

143 1215 316 1284 laetitiaque
333 1214 454 1267 fremunt
472 1214 630 1284 animosque
649 1214 685 1268 ad
703 1215 794 1268 sidera
812 1215 918 1268 tollunt

144 1291 277 1344 Aetheria
293 1294 354 1344 tum
371 1291 443 1344 forte
461 1290 542 1359 plaga
559 1291 673 1344 crinitus
692 1291 792 1358 Apollo

143 1366 269 1436 Desuper
287 1368 423 1421 Ausonias
441 1367 513 1419 acies
530 1367 682 1435 urbemque
699 1367 819 1435 videbat,

143 1442 225 1496 Nube
242 1444 348 1510 sedens,
368 1446 452 1511 atque
471 1443 513 1496 his
532 1443 664 1496 victorem
683 1443 795 1498 adfatur
815 1443 919 1498 Iulum:
955 1457 993 1496 oso

144 1519 235 1574 Macte
253 1535 322 1572 nova
339 1519 449 1585 virtute,
469 1536 553 1587 puer;
577 1521 615 1574 sic
633 1520 690 1574 itur
707 1520 743 1573 ad
761 1523 844 1588 astra,

144 1596 193 1648 Dis
211 1596 305 1663 genite
324 1599 353 1648 et
368 1595 494 1663 geniture
513 1595 587 1650 deos.
623 1597 688 1650 Iure
707 1597 798 1650 omnia
816 1597 888 1650 belle

143 1672 232 1725 Gente
250 1671 301 1724 sub
321 1671 449 1724 Assaraci
466 1671 523 1725 fato
542 1677 658 1726 ventura
676 1673 813 1738 resident;

143 1748 248 1804 Necte
267 1747 347 1800 Troia
364 1747 445 1816 capit.
481 1746 567 1801 Simul
584 1749 651 1802 haec
670 1749 768 1804 effatus
785 1749 821 1803 ab
839 1752 895 1802 alto

145 1824 268 1878 Aethere
286 1840 316 1878 se
334 1823 429 1890 mittit,
448 1824 577 1894 spirantis
595 1825 717 1880 dimovet
735 1841 822 1894 auras,
955 1839 992 1878 oss

144 1901 347 1970 Ascaniumque
364 1900 443 1969 petit.
481 1901 609 1954 Formam
626 1905 686 1956 tum
705 1902 823 1956 vertitur
841 1902 897 1955 oris

146 1975 299 2046 Antiquum
316 1977 344 2030 in
363 1976 464 2031 Buten.
502 1977 556 2029 Hie
574 1977 714 2031 Dardanio
733 1978 870 2031 Anchisae

146 2053 275 2120 Armiger
292 2056 356 2106 ante
374 2053 427 2106 fuit
445 2053 572 2122 fidusque
590 2053 626 2106 ad
644 2053 738 2107 limina
756 2058 862 2119 eustos;

144 2129 212 2182 Tum
230 2129 357 2182 comitem
377 2128 495 2182 Ascanio
512 2133 592 2198 pater
609 2129 725 2184 addidit.
763 2129 826 2184 lbet
845 2128 944 2200 Apollo

145 2205 243 2258 Omnia
260 2204 390 2272 longaevo
408 2205 511 2271 similis,
529 2201 678 2274 vocemque
696 2205 869 2274 coloremque
954 2217 992 2258 aso

145 2283 181 2334 llt
198 2280 280 2334 crinis
298 2279 374 2333 albos
392 2283 421 2333 et
439 2296 518 2334 saeva
536 2280 677 2334 sonoribus
696 2297 777 2350 arma,

145 2359 239 2424 Atque
256 2356 299 2408 his
316 2355 459 2409 ardentem
477 2355 559 2409 dictis
576 2357 687 2410 adfatur
707 2357 810 2411 Iulum:

145 2432 187 2486 Sit
204 2431 278 2498 satis,
298 2431 414 2498 Aenide,
431 2431 495 2485 telis
513 2431 615 2501 inpune
633 2433 790 2486 Numanum

145 2509 300 2580 Oppetiisse
318 2508 389 2573 tuis3
411 2509 528 2578 primam
545 2510 615 2564 hene
632 2511 684 2564 tibi
701 2527 817 2579 magnus
836 2509 934 2578 Apollo

146 2585 279 2639 Concedit
296 2583 414 2654 laudem,
433 2589 463 2640 et
479 2585 591 2655 paribus
608 2603 661 2640 non
679 2587 784 2641 invidet
802 2587 898 2651 armis;
956 2600 993 2640 aar

145 2662 245 2715 Cetera
264 2677 351 2729 parce,
370 2678 447 2729 puer,
465 2661 545 2717 bello.
580 2663 625 2717 Sic
642 2679 720 2716 orsus
739 2663 839 2732 Apollo

147 2737 271 2791 llortalis
289 2737 379 2791 medio
397 2741 523 2807 aspectus
541 2755 665 2792 sermone
683 2738 803 2808 reliquit,

147 2815 183 2869 Iit
200 2816 294 2883 procul
312 2814 340 2866 in
358 2817 470 2867 tenuem
489 2831 523 2867 ox
541 2815 625 2868 oeulis
643 2815 754 2869 evanuit
772 2831 873 2868 auram.

149 2891 312 2958 Adgnovere
331 2889 413 2943 deum
431 2906 558 2958 proceres
576 2890 723 2960 divinaque
741 2891 799 2945 tela

147 2965 329 3034 Dardanidae,
348 2966 559 3035 pharetramque
576 2967 641 3035 fuga
660 2983 770 3020 sensere
788 2970 937 3020 sonantem.
958 2980 994 3019 aa]

148 3041 221 3108 Ergo
239 3043 350 3096 avidum
368 3059 475 3110 pugnae
493 3042 574 3094 dictis
592 3059 623 3095 ac
640 3042 751 3096 numine
771 3041 873 3095 Phoebi

150 3117 297 3170 Ascanium
315 3117 476 3185 prohibent;
500 3117 550 3185 ipsi
570 3118 598 3170 in
617 3118 767 3171 certamina
785 3134 879 3170 rursus

149 3190 311 3258 Succedunt,
330 3193 487 3260 animasque
503 3192 530 3244 in
548 3197 644 3260 aperta
661 3192 782 3262 pericula
800 3193 922 3247 mittunt.
