2234 3554
404 146 587 194 AENEIDOS
604 145 674 196 ΜΒ.
694 146 729 195 V.
947 150 992 198 169

139 230 208 284 'lum
225 231 305 297 pater
323 226 440 293 Aeneas,
460 227 568 293 Vestra,
585 227 682 296 inquit,
700 243 813 283 munera
830 227 907 282 vobis

140 306 224 361 Certa
240 305 360 372 manent,
378 303 462 372 pueri,
482 306 512 357 et
529 303 647 372 palmam
664 308 757 358 movet
774 305 870 358 ordine
887 319 982 370 nemo;

140 383 187 437 Me
204 381 286 434 liceat
303 395 383 433 casus
401 379 524 432 miserari
542 379 656 432 insontis
674 379 761 432 amici.
956 394 993 434 sao

139 458 274 512 uiolatus
292 458 401 523 tergum
420 455 530 508 Gaetuli
546 455 654 508 inmane
673 455 758 508 leonis

140 535 195 588 Dat
214 533 294 598 Salio,
312 531 383 584 villis
401 547 544 584 onerosum
563 534 647 599 atque
665 530 801 598 unguibus
819 532 917 587 aureis.

141 610 195 664 Hic
213 609 305 675 Nisus,
325 607 354 661 si
372 610 456 673 tanta,
475 606 572 674 inquit,
591 610 655 660 sunt
672 608 794 675 praemia
812 609 898 675 victis,

140 687 177 740 Et
187 689 224 739 'te
241 685 379 752 lapsorum
396 684 515 750 miseret,
535 699 605 750 quae
622 701 735 737 munera
753 684 820 737 Niso

142 763 230 830 Digna
248 759 342 814 dabis‘l
361 759 477 827 primam
494 761 581 812 merui
599 761 646 827 qni
664 760 744 814 laude
762 777 896 827 coronam,
957 775 994 814 ato

140 839 176 890 Ni
193 855 245 904 me,
265 852 336 904 quae
354 835 464 901 Salium,
483 836 593 889 fortuna
609 837 718 889 inimica
735 837 850 890 tulisset.

142 915 177 968 nt
195 913 274 967 simul
291 912 334 965 his
352 911 433 965 dictis
451 912 547 966 faciem
566 911 723 966 ostentabat
741 916 770 966 et
788 913 843 966 udo

140 990 241 1058 Turpia
257 989 380 1042 membra
398 989 468 1041 fimo.
507 987 579 1040 Risit
597 990 676 1054 pater
693 990 820 1056 optumus
836 989 890 1057 olli,

141 1067 177 1120 Et
194 1065 311 1134 clipeum
330 1063 420 1118 efferri
438 1064 525 1131 iussit,
543 1063 721 1132 Didymaonis
739 1065 813 1132 artis,

140 1143 262 1212 Neptuni
280 1159 356 1196 sacro
375 1141 477 1194 Danais
495 1141 530 1193 de
547 1143 627 1208 poste
644 1140 768 1195 refixum.
956 1157 993 1197 aco

142 1219 202 1272 Hoc
219 1219 343 1272 iuvenem
362 1218 502 1286 egregium
520 1217 673 1285 praestanti
690 1234 801 1271 munere
820 1218 912 1272 donat.

176 1295 250 1362 Post,
268 1294 315 1347 ubi
333 1293 450 1347 coniecti
468 1309 571 1361 cursus,
591 1296 620 1346 et
638 1292 711 1347 dona
728 1295 850 1363 peregit:

141 1371 227 1438 Nunc,
245 1371 268 1425 si
286 1371 329 1424 cui
346 1371 434 1424 virtus
452 1370 612 1438 animusque
629 1365 657 1423 in
675 1375 786 1438 pectore
803 1388 939 1441 praesens,

144 1447 233 1514 Adsit,
251 1451 280 1501 et
298 1447 413 1501 evinctis
431 1447 540 1500 attollat
558 1446 685 1500 bracchia
701 1447 806 1515 palmis.

141 1523 184 1577 Sic
202 1524 240 1576 ait
258 1527 287 1576 et
303 1523 441 1591 geminum
458 1540 565 1592 pugnae
583 1523 712 1592 proponit
729 1523 867 1593 honorem,
955 1540 992 1580 aaa

141 1600 247 1654 Victori
264 1599 384 1654 velatum
402 1616 468 1653 auro
486 1600 618 1669 vittisque
635 1601 786 1669 iuvencum,

142 1676 240 1730 Ensem
257 1679 342 1744 atque
358 1675 491 1744 insignem
508 1676 613 1744 galeam
632 1677 729 1730 solatia
745 1677 823 1732 victo.

141 1752 200 1806 Nec
217 1769 307 1818 mora;
327 1752 455 1807 continuo
473 1752 557 1806 vastis
575 1769 636 1806 oum
655 1753 758 1807 viribus
776 1753 855 1808 effert

141 1828 196 1883 Ora
214 1829 308 1895 Dares,
325 1845 479 1896 magnoque
497 1829 584 1880 virum
603 1845 632 1881 se
649 1845 789 1882 murmure
807 1830 895 1895 tollit;

140 1905 216 1959 Solus
234 1905 280 1974 qui
301 1903 426 1957 Paridem
445 1903 540 1956 solitus
557 1903 724 1958 contendere
742 1909 843 1970 contra,
954 1920 991 1961 aro

141 1981 274 2048 Idemque
292 1980 328 2032 ad
345 1979 488 2043 tumulum,
507 1994 561 2045 quo
578 1995 722 2032 maxumus
739 1979 853 2033 occubat
872 1981 984 2044 Hector,

143 2057 281 2109 Victorem
300 2055 390 2106 Buten
409 2053 510 2106 inmani
527 2067 647 2120 corpore,
665 2054 712 2122 qui
731 2070 760 2106 se

141 2131 274 2199 Bebrycia
291 2129 400 2182 veniens
419 2128 516 2195 Amyci
533 2127 569 2180 de
586 2131 671 2196 gente
688 2129 803 2197 serebat,

140 2206 262 2260 Perculit
279 2208 307 2258 et
324 2203 398 2258 fulva
415 2202 607 2256 moribundum
625 2203 750 2258 extendit
768 2221 858 2261 arena.

141 2283 213 2336 Talis
229 2281 318 2350 prima
336 2279 423 2335 Dares
440 2283 522 2348 caput
540 2279 626 2333 altum
644 2280 671 2334 in
689 2280 793 2350 proelia
810 2282 890 2349 tollit,
954 2296 991 2340 sas

141 2357 325 2426 Ostenditque
342 2356 470 2410 humeros
489 2355 566 2422 latos,
585 2356 744 2426 alternaque
761 2358 846 2412 iactat

141 2435 272 2489 Bracchia
289 2433 463 2504 protendens,
482 2436 511 2487 et
529 2431 657 2488 verberat
675 2433 775 2488 ictibus
792 2451 880 2488 auras.

141 2512 287 2577 Quaeritur
303 2511 366 2564 huic
383 2510 467 2576 alius;
492 2525 543 2564 nec
561 2510 706 2580 quisquam
723 2527 758 2565 ex
775 2512 883 2580 agmine
901 2514 979 2565 tanto

142 2588 236 2642 Audet
252 2587 329 2642 adire
347 2588 435 2640 virum
453 2587 632 2655 manibusque
649 2587 780 2642 inducere
798 2592 913 2642 caestus.

140 2663 214 2732 Ergo
230 2663 333 2729 alacris,
351 2667 516 2732 cunctosque
534 2667 635 2732 putans
653 2663 786 2718 excedere
805 2665 902 2732 palma,
954 2679 992 2717 sao

142 2744 252 2794 Aeneae
269 2740 348 2795 stetit
365 2744 429 2794 anto
447 2740 539 2808 pedes,
558 2757 608 2794 neo
625 2740 704 2809 plura
721 2743 845 2795 moratus

140 2815 208 2870 Tum
226 2816 303 2870 laeva
320 2819 429 2870 taumm
446 2833 531 2870 cornu
547 2820 632 2884 tenet,
649 2819 734 2886 atque
751 2815 792 2873 ita
810 2817 896 2870 fatur:

141 2892 213 2946 Nate
231 2892 291 2960 dea,
308 2915 331 2951 si
349 2909 428 2946 nemo
445 2892 529 2947 audet
547 2908 577 2947 se
594 2892 709 2947 credere
724 2908 841 2962 pugnae,

141 2969 216 3033 Quae
234 2969 296 3022 finis
314 2968 421 3023 standil
442 2985 497 3037 quo
515 2985 559 3022 me
577 2969 657 3024 decet
674 2985 761 3038 usque
779 2969 887 3024 tenerit

140 3045 247 3100 Ducere
266 3046 337 3100 dona
353 3045 424 3100 iube.
460 3046 557 3100 Cuncti
575 3045 655 3098 simul
671 3061 718 3100 ore
736 3045 889 3100 tremebant
955 3059 991 3100 aas

140 3122 324 3189 Dardanidae,
342 3121 476 3190 reddique
495 3121 553 3174 riro
570 3121 703 3190 promissa
720 3119 860 3176 iubebant.

141 3197 194 3252 Hic
210 3199 302 3267 gravis
321 3197 458 3252 Entellum
477 3196 558 3250 dictis
575 3197 692 3265 castigat
712 3198 836 3263 Acestes,
