2234 3554
404 135 586 184 AENEIDOS
603 136 672 185 LIB.
690 137 755 187 VII.
953 138 1000 186 209

150 221 359 290 Instituuutque
376 221 468 292 dapes,
486 225 515 276 et
532 223 634 276 adorea
651 223 706 276 liba
722 239 772 292 per
789 222 903 278 herbam

148 299 301 353 subiiciunt
318 298 488 367 epulis—sic
508 299 633 367 Iuppiter
650 299 696 354 ille
713 299 877 354 monebat-
964 315 1001 356 uo

149 375 186 428 lit
204 375 316 430 Cereale
335 375 420 428 solum
438 376 526 443 lomis
545 375 699 442 agrestibus
718 379 825 443 augent

149 451 322 520 Consumptis
340 451 384 504 hic
401 452 473 505 forte
490 453 557 520 aliis,
575 455 606 506 ut
624 456 732 506 uertere
751 469 856 507 morsus

151 527 282 595 Exiguam
300 529 328 581 in
347 528 475 582 Cererem
493 529 608 598 penuria
625 530 720 597 adegit
738 529 839 584 edendi

149 604 185 657 Et
201 605 303 659 violare
321 621 403 658 manu
421 605 554 673 malisque
573 605 722 660 audacibus
739 604 834 658 orbem

150 681 251 734 Fatalis
269 681 353 735 crusti
370 681 472 750 patulis
489 698 540 735 uec
557 698 670 752 parcere
689 680 808 751 quadris,
965 697 1001 736 us

151 757 234 826 llcus,
252 758 335 812 etiam
354 774 461 812 mensas
479 759 675 812 consumimus!
697 758 787 827 inquit
806 758 897 824 Iulus;

148 833 173 885 N
176 851 206 886 ee
223 835 302 902 plura
319 835 461 888 adludens.
498 835 539 888 Ea
556 851 607 888 vox
626 835 721 888 audita
738 835 862 888 laborum

150 908 241 962 Prima
258 911 322 964 tulit
340 912 430 977 finem,
449 911 621 980 primamque
638 912 775 980 loquentis
792 910 827 964 ab
846 927 894 964 ore

149 985 255 1054 Eripuit
273 992 359 1056 pater,
377 1004 408 1040 ac
427 987 595 1055 stupefactus
612 989 722 1041 numine
740 988 848 1056 pressit.

148 1060 291 1130 Continuo,
310 1064 390 1118 Salve
407 1064 471 1117 latis
489 1064 555 1116 mihi
574 1063 668 1118 debita
686 1064 784 1130 Tellus,
963 1078 999 1118 ιω

149 1138 268 1208 Vosque,
287 1141 333 1207 ait,
352 1157 368 1194 o
386 1140 434 1192 fidi
454 1141 550 1192 Troiae
568 1140 671 1194 salvete
690 1140 820 1193 Penates:

149 1215 203 1269 llic
215 1215 319 1283 domus,
332 1217 399 1270 haee
413 1217 503 1285 patria
516 1220 565 1270 est.
587 1216 701 1270 Genitor
715 1216 780 1270 mihi
793 1217 858 1270 talia
872 1232 997 1286 namque,

148 1294 227 1347 Nunc
244 1297 347 1362 repeto,
367 1293 501 1346 Anchises
519 1293 637 1346 fatorum
654 1309 753 1346 arcana
770 1292 894 1360 reliquit:

11 1353 12 1390 ³
124 1393 129 1404 ·
149 1371 217 1424 Cum
235 1373 272 1438 te,
291 1373 363 1436 nate,
381 1369 468 1424 fantes
486 1370 580 1437 ignota
597 1369 633 1422 ad
651 1369 732 1422 litora
750 1372 860 1424 vectum

149 1446 253 1500 Aecisis
270 1449 350 1514 coget
368 1445 484 1516 dapibus
502 1462 662 1499 consumere
680 1462 795 1514 mensas,
961 1458 998 1498 iae

147 1522 216 1576 Tum
234 1538 345 1591 sperare
362 1521 458 1576 domos
476 1522 599 1576 dolosam
616 1522 709 1591 ibique
727 1524 865 1576 memento

150 1599 241 1652 Prima
258 1599 348 1652 locare
365 1615 446 1652 manu
464 1599 606 1668 mohrique
624 1615 724 1667 aggere
741 1602 823 1654 tecta

151 1675 225 1728 llaec
243 1677 303 1728 erat
320 1674 367 1728 illa
384 1675 483 1740 fames;
503 1675 570 1728 haec
589 1691 638 1728 nos
656 1691 785 1744 suprema
802 1675 939 1744 manebat,

152 1751 245 1804 llxitiis
263 1751 384 1819 positura
402 1751 520 1804 modum.

148 1827 238 1890 Quare
255 1826 329 1894 agite
346 1830 376 1878 et
393 1827 481 1894 primo
498 1827 564 1880 lacti
582 1845 644 1880 cum
662 1828 763 1883 lumine
781 1829 852 1895 solis,
961 1843 997 1882 1³0

149 1903 224 1966 Quae
241 1901 307 1967 loca,
325 1902 406 1968 quive
424 1901 543 1954 habeant
560 1902 690 1970 homines,
708 1904 755 1958 ubi
772 1905 880 1958 incenia
897 1905 995 1974 gentis,

149 1977 329 2044 vestigemus,
346 1980 375 2028 et
393 1993 409 2028 a
426 1981 508 2043 portu
526 1977 634 2029 diversa
651 1983 783 2044 petamus.

149 2053 227 2106 Nunc
244 2057 355 2119 pateras
372 2050 456 2103 libate
475 2051 542 2116 lori,
560 2051 741 2120 precibusque
758 2058 853 2108 uocate

150 2128 285 2182 Anchisen
302 2127 461 2194 genitorem
480 2131 509 2180 et
527 2127 590 2178 rina
607 2128 730 2195 reponite
748 2129 856 2182 mensis.

148 2207 191 2259 Sic
209 2205 309 2259 deinde
327 2203 424 2257 effatus
441 2203 580 2256 frondenti
598 2207 723 2272 tempora
740 2220 816 2257 ramo
960 2222 995 2262 rae

149 2281 273 2351 Inplicat,
290 2284 320 2335 et
338 2281 510 2349 Geniumque
527 2279 579 2332 loci
596 2279 766 2352 primamque
784 2280 897 2338 deomm

147 2359 281 2412 'lellurem
299 2357 493 2427 Nymphasque
512 2360 542 2410 et
559 2355 648 2410 adhue
665 2356 760 2424 ignota
777 2363 906 2427 precatur

149 2435 278 2502 Flumina,
296 2439 356 2488 tum
374 2434 490 2487 Noctem
508 2432 658 2502 Noctisque
676 2433 792 2488 orientia
809 2435 892 2502 Sigrm

151 2512 316 2580 Idaeumque
336 2511 429 2564 lovem
449 2509 650 2578 Phrygiamque
669 2527 703 2564 ex
720 2510 816 2565 ordine
834 2512 953 2566 Matrem

150 2589 267 2655 Invocat,
285 2592 314 2641 et
332 2587 447 2656 duplicis
466 2587 602 2654 Caeloque
621 2587 764 2655 Ereboque
782 2593 917 2658 parentes.
960 2603 995 2643 me

148 2665 201 2718 llic
218 2669 299 2734 pater
316 2664 487 2732 omnipotens
504 2670 549 2717 ter
567 2663 641 2716 eaelo
659 2663 747 2718 clariis
764 2665 800 2718 ab
818 2666 874 2720 alto

148 2741 279 2808 Intonuit,
297 2740 437 2808 radiisque
456 2739 598 2794 ardentem
618 2739 685 2793 lucis
703 2743 732 2794 et
750 2757 816 2794 euro

147 2818 211 2886 lpse
228 2834 311 2872 manu
329 2817 455 2884 quatiens
472 2816 594 2870 ostendit
611 2815 647 2869 ah
663 2817 775 2871 aethere
793 2819 900 2878 nubem,

146 2893 258 2948 Diditur
274 2893 318 2946 hic
335 2891 426 2946 subito
444 2892 560 2946 Troiana
577 2908 627 2961 per
644 2893 752 2961 agmina
768 2911 867 2962 muron,

146 2969 299 3024 Advenisse
317 2969 398 3035 diem,
416 2985 469 3038 quo
488 2969 583 3022 debita
601 2969 708 3022 moenia
725 2970 849 3024 condant.
960 2987 996 3027 mr

146 3047 279 3101 Certatim
296 3046 450 3100 instaurant
468 3045 569 3114 epulas,
587 3048 670 3113 atque
688 3046 776 3099 omine
793 3063 892 3116 magno

145 3123 274 3178 Crateras
290 3123 356 3178 laeti
375 3125 501 3176 statuunt
518 3127 548 3176 et
565 3122 627 3175 rina
644 3126 781 3177 coronant.

181 3200 295 3255 Postera
312 3217 373 3254 cum
391 3199 480 3268 prima
496 3197 632 3252 lustrabat
650 3198 775 3266 lampade
792 3203 881 3255 terras
