2232 3556
129 171 175 217 328
353 167 382 216 P.
401 165 555 214 VERGILI
574 165 738 213 MARONIS

128 249 213 304 Totae
230 248 299 302 adeo
317 263 462 301 conversae
480 246 558 312 acies,
576 261 725 314 omnesque
745 246 842 314 Latini,

127 324 230 380 Omnes
248 323 431 390 Dardanidae,
451 321 619 388 Mnestheus,
639 339 756 392 acerque
775 323 910 391 Serestus,

128 405 164 459 ut
183 405 325 470 Messapus
343 417 444 469 equum
462 399 588 465 domitor,
608 401 636 452 et
654 399 734 454 fortis
753 399 850 465 Asilas,
946 417 985 454 ceo

127 483 331 548 Tuscorumque
349 478 474 546 phalanx,
494 475 669 544 Euandrique
690 477 813 530 Arcades
831 476 897 542 alae,

128 560 182 612 Pro
200 577 229 612 se
247 558 363 626 quisque
382 555 430 606 viri
451 570 555 605 summa
572 552 698 606 nituntur
717 571 799 624 opum
816 555 858 618 vi3

127 636 153 689 N
155 653 185 690 ee
203 651 287 702 mora,
300 650 355 686 nee
372 631 497 698 requies;
515 632 591 682 vasto
610 632 761 685 certamine
779 631 902 686 tendunt.

162 712 217 765 Hie
234 713 352 763 mentem
364 707 476 762 Aeneae
486 707 611 774 genetrix
630 708 812 776 pulcherrima
830 707 912 774 misit,

129 789 188 843 Iret
176 786 292 841 tutad
309 802 408 852 muros,
425 783 542 851 urbique
563 783 724 838 adverteret
743 802 840 853 agmen
945 801 984 840 teo

128 863 257 916 Ociust
228 866 257 916 et
275 861 366 914 subita
383 860 508 914 turbaret
526 859 604 912 clade
624 860 684 914 Lat'
664 864 742 915 tmos

131 939 187 1005 llle,
205 943 238 994 ut
255 939 392 1006 vestigans
411 936 519 990 diversa
535 953 586 1004 per
604 937 711 1003 agmina
730 938 849 990 Turnum

129 1017 191 1070 Huc
209 1021 293 1086 atque
310 1014 363 1066 huc
380 1012 452 1066 acies
469 1013 583 1067 circumt
571 1012 634 1065 tulit
623 1011 759 1081 taspieit
776 1011 872 1066 urbem

131 1093 282 1146 Immunem
299 1091 370 1144 tanti
388 1089 453 1142 belli
471 1091 579 1155 atque
572 1105 684 1176 mpune
694 1092 824 1158 quietam.

128 1169 263 1222 Continuo
282 1183 390 1237 pugnae
408 1164 531 1218 accendit
519 1165 658 1217 tmaioris
676 1165 781 1233 imag03

129 1243 273 1298 Mnesthea
291 1245 505 1312 Sergestumque
523 1243 602 1294 vocat
621 1241 775 1309 fortemque
794 1179 985 1295 Serestum56⁰

130 1319 202 1374 Duct
190 1324 271 1389 tores,
289 1320 479 1386 tumulumque
497 1317 577 1385 capit
597 1334 651 1385 qua
668 1325 760 1371 cetera
778 1318 911 1370 Teucrum

128 1396 272 1450 Concurrit
289 1397 368 1464 legio,
386 1411 436 1448 nee
455 1397 531 1446 scuta
548 1395 596 1445 aut
614 1394 717 1462 spicula
735 1393 813 1446 densi
1105 1383 1106 1440 l

130 1472 281 1541 Deponunt.
318 1472 397 1526 Celso
414 1469 565 1523 mediust
540 1473 614 1523 stans
633 1475 792 1538 aggeret
751 1471 826 1524 fatur
1105 1459 1106 1488 ¹

130 1549 171 1602 Ne
184 1567 238 1617 qua
250 1550 317 1603 meis
330 1553 389 1602 esto
402 1547 863 1615 dictismora31uppitthaeacrsat

129 1625 190 1678 Neu
209 1626 269 1693 quis
287 1625 347 1677 ob'
340 1627 431 1692 meept
432 1641 478 1675 um
497 1622 618 1674 subitum
636 1623 701 1675 mihi
721 1624 829 1691 segnior
845 1566 891 1674 ito.

128 1701 232 1754 Urbem
250 1701 340 1766 bodie,
359 1715 480 1752 caussam
498 1697 571 1765 belli,
591 1715 675 1767 regna
696 1700 755 1768 ipsa
774 1698 872 1765 Latini,

129 1776 164 1829 Ni
182 1776 290 1830 frenum
309 1776 430 1844 accipere
449 1779 477 1828 et
495 1775 559 1826 victi
552 1791 676 1843 rparere
695 1776 823 1842 fatentur,

129 1853 285 1921 llruam,t
256 1857 285 1906 et
303 1869 390 1922 aequa
408 1852 464 1904 solo
481 1851 595 1904 fumant'
576 1855 615 1904 tra
634 1853 751 1904 eulmina
768 1867 874 1921 ponam.

40 1989 41 1992 Ἴ
128 1928 237 1983 Scilicet
225 1933 366 1998 exspect
367 1945 417 1996 em,
435 1927 520 1981 libeat
538 1927 603 1982 dum
621 1928 724 1996 proelia
743 1929 833 1981 'furno
946 1943 986 1984 oro

129 2006 230 2059 Nostra
248 2007 313 2074 pati,
331 2022 480 2074 rursusque
497 2004 564 2057 velit
582 2021 742 2058 concurrere
760 2005 869 2059 vietus?

129 2082 189 2135 Hoc
207 2086 297 2150 caput,
315 2099 331 2134 o
349 2082 428 2148 cives,
447 2081 513 2134 haee
531 2079 595 2133 belli
614 2097 719 2134 summa
736 2081 853 2134 nefandi.
1105 2067 1106 2156 1

128 2157 212 2211 llerte
228 2159 301 2212 faces
318 2175 442 2226 propere,
459 2157 610 2225 foedusque
627 2157 763 2225 reposcite
781 2157 904 2211 flammis.

129 2233 250 2302 Dixerat,
269 2239 353 2303 atque
371 2235 468 2287 animis
485 2233 590 2302 pariter
608 2234 777 2286 certantibus
795 2250 888 2286 omnes

128 2309 202 2364 Dant
220 2327 342 2378 cuneum,
361 2311 500 2378 densaque
518 2309 554 2362 ad
571 2326 663 2362 muros
681 2311 751 2363 mole
769 2311 901 2363 feruntur.
947 2323 985 2364 57⁵

128 2385 221 2440 Scalae
239 2387 375 2455 inproviso
394 2386 556 2454 subitusque
573 2387 701 2454 adparuit
719 2387 796 2454 ignis.

127 2461 293 2516 Discurrunt
310 2463 355 2514 alii
373 2461 410 2515 ad
427 2466 521 2530 portas
538 2463 696 2532 primosque
714 2463 861 2530 trucidant,

128 2537 244 2592 Ferrum
262 2539 308 2592 alii
325 2541 455 2607 torquent
473 2542 502 2592 et
520 2538 683 2592 obumbrant
702 2539 815 2592 aethera
831 2539 901 2592 telis.

129 2616 193 2683 lpse
211 2616 283 2669 inter
300 2615 402 2684 primos
421 2614 547 2670 dextram
565 2615 616 2668 sub
633 2616 740 2668 moenia
757 2615 848 2668 tendit

129 2693 245 2759 Aeneas,
263 2709 415 2760 magnaque
433 2691 540 2744 incusat
557 2708 622 2744 voce
641 2691 777 2758 Latinum,
946 2706 986 2744 oso

128 2767 311 2837 Testaturque
330 2768 396 2822 deos
413 2769 513 2822 iterum
532 2783 561 2820 se
579 2767 615 2820 ad
632 2767 735 2836 proelia
752 2768 820 2835 cogi,

130 2843 177 2896 Bis
195 2845 250 2896 iam
269 2845 354 2898 Italos
372 2845 464 2910 hostis,
483 2844 552 2896 haee
569 2844 623 2896 iam
642 2843 730 2896 altera
752 2843 863 2896 foedera
883 2841 983 2910 rumpi

129 2919 258 2974 Exoritur
275 2922 398 2990 trepidos
415 2921 488 2974 inter
508 2919 644 2972 discordia
662 2919 741 2974 civis:

129 2995 232 3048 Urbem
252 2997 297 3050 alii
315 3013 438 3050 reserare
456 2996 552 3048 iubent
569 2999 598 3048 et
616 2995 736 3061 pandere
754 2998 846 3064 portas

129 3069 303 3140 Dardanidis,
321 3074 465 3141 ipsumque
482 3071 596 3125 trahunt
613 3072 641 3123 in
659 3072 765 3124 moenia
782 3087 891 3138 regem3
947 3085 985 3124 ose

130 3145 216 3197 Arma
233 3147 326 3200 ferunt
344 3147 388 3200 alii
407 3152 435 3199 et
453 3150 570 3214 pergunt
589 3146 737 3200 defendere
755 3160 860 3198 muros:

132 3217 254 3272 Inclusas
272 3229 304 3275 ut
322 3238 382 3274 eum
401 3221 538 3274 latebroso
556 3223 584 3274 in
602 3222 709 3289 pumice
727 3225 820 3290 pastor
