2274 3554
422 158 499 205 AEN
504 158 608 206 sinos
625 159 694 208 LIB.
713 155 763 208 IV.
970 157 1017 207 145

164 236 220 292 Sed
237 237 301 291 fatis
319 237 424 290 incerta
441 237 521 304 feror,
540 238 564 291 si
584 237 713 307 Iuppiter
729 255 810 292 unam
984 251 1021 294 110

164 313 231 367 Esse
248 314 316 367 velit
334 313 421 381 Tyriis
437 313 534 367 urbem
553 314 688 382 Troiaque
706 314 846 382 profectis,

163 389 308 443 Miscerive
325 389 423 458 probet
441 390 562 458 populos,
579 394 628 444 aut
645 391 757 444 foedera
774 389 856 460 iungi.

162 465 204 518 'lu
221 466 352 530 coniuux;
369 465 420 519 tibi
438 467 479 519 100
496 467 616 520 animum
634 470 771 535 temptare
788 466 932 536 precando.

163 541 266 610 Perge;
284 557 390 611 sequar.
428 542 496 595 Tum
514 543 553 596 sic
571 544 680 612 excepit
699 544 775 611 regia
794 544 877 597 Iuno:

162 617 272 670 Mecum
284 618 338 671 erit
350 615 403 670 iste
415 616 500 672 labor.
538 619 563 671 N
565 635 618 672 unc
636 635 691 688 qua
709 619 909 690 1·ationc,quod
925 619 1019 684 instat,

163 693 281 747 Confieri
299 693 391 762 possit
409 694 509 763 paucis,
528 695 649 762 advorte,
669 695 779 750 docebo.
984 711 1020 750 uc

163 771 302 824 Venatum
321 771 431 824 Aeneas
449 787 559 840 unaque
577 773 730 826 miserrima
749 773 821 826 Dido

163 847 196 900 ln
214 863 310 900 nemus
327 847 367 900 ire
386 851 492 915 parant,
510 847 558 900 ubi
576 849 678 916 primos
696 848 831 902 crastinus
849 851 925 902 ortus

162 923 299 977 listulcrit
318 923 399 977 Titan
416 923 559 992 radiisque
576 925 711 978 retexerit
729 924 830 978 orbem.

163 1000 216 1054 His
234 1017 285 1068 ego
303 1001 457 1068 nigrantem
476 1001 624 1054 commixta
641 1001 774 1070 grandine
791 1001 921 1067 nimbum,
989 1015 1021 1057 mc

162 1077 235 1131 Dum
253 1077 395 1146 trepidant
413 1078 480 1146 alae,
499 1078 640 1147 saltusque
658 1077 787 1145 indagine
805 1077 926 1145 cingunt,

163 1155 288 1224 Desuper
304 1155 454 1223 infundam,
474 1158 503 1209 et
520 1155 627 1208 tonitru
644 1155 750 1208 caelum
768 1171 847 1208 omne
864 1154 949 1209 ciebo.

162 1229 314 1298 Diffugient
331 1232 444 1285 comites
463 1236 493 1285 et
510 1237 589 1285 nocte
607 1235 737 1299 tegentur
755 1247 851 1300 opaca:

161 1307 324 1375 Speluncam
344 1307 415 1361 Dido
435 1307 492 1361 dux
510 1311 540 1362 et
558 1307 689 1360 Troianus
710 1307 825 1362 eandem

162 1383 321 1438 Devenient
359 1384 462 1451 Adero,
476 1394 512 1451 et,
523 1396 572 1438 tua
584 1384 607 1436 si
619 1383 686 1436 mihi
697 1387 775 1438 certa
787 1383 919 1452 voluntas,
984 1399 1020 1438 125

162 1460 302 1514 Connubio
319 1461 430 1530 iungam
448 1460 541 1516 stabili
558 1460 750 1530 propriamque
768 1460 871 1515 dicabo.

162 1535 216 1590 llio
233 1537 398 1606 hymenaeus
417 1537 574 1591 erit—Non
591 1537 738 1591 adversata
755 1537 863 1606 petenti

162 1611 276 1681 Adnuit,
296 1616 379 1681 atque
398 1613 469 1666 dolis
487 1613 549 1666 risit
568 1613 704 1681 Cytherea
722 1614 846 1682 repertis.

200 1689 337 1744 Oceanum
355 1690 462 1743 interca
479 1707 593 1756 surgens
614 1691 725 1744 Aurora
742 1690 861 1760 reliquit.

163 1766 191 1820 It
210 1767 296 1835 portis
314 1766 409 1819 iubare
429 1771 524 1819 exorto
543 1766 650 1820 delecta
668 1766 810 1832 iuventus;
983 1781 1019 1822 100

164 1842 245 1896 Retia
263 1859 333 1909 rara,
352 1841 457 1910 plagae,
477 1841 533 1898 lato
551 1842 686 1896 venabula
703 1843 782 1904 ferro,

162 1917 329 1988 Massylique
346 1923 431 1974 ruunt
448 1919 556 1986 equites
574 1921 604 1971 et
621 1919 706 1972 odora
724 1935 820 1972 canum
838 1921 885 1974 vis.

164 1995 296 2063 lteginam
314 1994 434 2048 thalamo
452 1998 626 2047 cunctantem
644 1994 681 2047 ad
698 1994 792 2047 limina
809 1996 889 2062 primi

164 2071 315 2124 Poenorum
334 2074 503 2138 exspectant,
522 2074 653 2137 ostroque
670 2070 784 2137 insignis
802 2073 832 2123 et
850 2087 915 2124 auro

162 2147 224 2200 Stat
243 2146 352 2214 sonipes
369 2161 401 2198 ac
418 2145 497 2198 frena
514 2146 592 2198 ferox
610 2147 765 2213 spumantia
783 2146 896 2200 mandit.
984 2164 1019 2203 ras

162 2221 285 2275 Tandem
302 2221 479 2291 progreditur
496 2238 595 2289 magna
613 2221 734 2290 stipante
752 2226 869 2290 caterva,

162 2297 301 2352 Sidoniam
319 2298 392 2367 picto
410 2297 580 2366 chlamydem
599 2298 766 2352 circumdata
784 2298 876 2353 limbo.

162 2375 214 2430 Cui
230 2373 362 2445 pharetra
379 2392 413 2428 ex
432 2391 505 2441 auro,
525 2375 614 2428 crines
632 2373 769 2428 nodantur
786 2375 814 2428 in
832 2392 935 2443 aurern,

163 2455 257 2507 Aurea
275 2468 395 2521 purpure
405 2470 439 2505 00
458 2451 598 2506 subnectit
616 2451 700 2506 fibula
719 2456 832 2509 vestem.

162 2529 187 2582 N
189 2545 221 2583 ec
239 2545 292 2582 non
310 2535 339 2582 et
359 2529 469 2598 Phrygii
487 2530 601 2584 comites
620 2533 648 2584 et
666 2529 754 2584 laetus
775 2530 850 2584 Iulus
984 2546 1019 2584 iso

163 2605 306 2660 Incedunt.
345 2606 409 2675 Ipse
427 2611 492 2660 aute
510 2607 577 2660 alios
594 2605 794 2676 pulcherrimus
812 2607 897 2660 omnis

163 2682 252 2736 Infert
270 2699 300 2736 se
318 2683 418 2736 socium
438 2684 546 2737 Aeneas
565 2687 648 2752 atque
667 2683 775 2752 agmina
793 2683 888 2750 iungit.

162 2758 256 2823 Qualis
273 2758 321 2812 ubi
339 2759 481 2813 hibernam
499 2760 610 2828 Lyciam
628 2760 789 2829 Xanthique
807 2760 910 2813 fluenta

165 2835 273 2889 Deserit
291 2851 322 2889 ac
341 2835 441 2890 Delum
459 2841 611 2891 maternam
629 2837 722 2890 invisit
743 2835 841 2904 Apollo

163 2911 358 2981 Instauratque
376 2913 480 2981 choros,
498 2915 631 2983 mixtique
650 2913 749 2966 altaria
767 2913 865 2965 circum
982 2925 1019 2965 14⁵

163 2987 315 3056 Cretesque
334 2989 510 3059 Dryopesque
527 2991 648 3043 fremunt
666 2989 790 3058 pictique
811 2987 972 3055 Agathyrsi;

164 3063 229 3132 lpse
245 3064 317 3132 iugis
335 3065 434 3132 Cynthi
452 3067 585 3135 graditur,
603 3067 733 3135 mollique
751 3065 880 3119 fluentem

165 3138 274 3193 Fronde
291 3142 391 3209 premit
409 3143 510 3196 crinem
528 3143 634 3211 fingens
652 3146 735 3212 atque
754 3141 868 3212 inplicat
885 3157 960 3208 auro,

163 3215 230 3270 l'ela
245 3219 344 3272 sonant
362 3218 495 3274 humeris:
512 3219 587 3272 haud
604 3218 651 3273 illo
669 3217 778 3288 segnior
793 3216 853 3274 ibat
