2242 3550
123 136 155 182 64
358 134 387 181 P.
406 133 560 182 VERGILI
577 136 740 184 MARONIs·

123 213 336 284 Extremumque
354 215 439 283 sequi,
458 219 506 270 aut
523 217 614 270 medio
631 218 812 286 procumbere
830 233 925 288 campo

124 289 292 356 Pascentem,
311 295 340 346 et
358 309 435 346 serae
453 294 538 346 solam
557 294 692 347 decedere
710 295 790 360 nocti,

124 365 259 420 Continuo
277 368 384 437 culpam
402 369 475 422 ferro
493 387 640 438 compesce,
659 370 836 440 priusquam

124 441 191 496 Dira
209 461 258 512 per
274 446 413 498 incautum
432 449 544 514 serpant
561 447 688 514 contagia
705 447 806 515 volgus.

123 519 148 572 N
151 537 185 572 on
197 525 252 574 tam
266 521 362 575 creber
374 539 460 590 agens
471 522 589 574 hiemem
603 523 660 576 ruit
670 540 789 592 aequore
802 527 892 591 turbo,
938 539 975 582 470

124 595 211 660 Quam
229 599 331 652 multae
348 598 484 666 pecudum
502 604 603 666 pestes.
641 599 666 652 N
669 616 699 652 eo
718 600 825 667 singula
842 599 931 654 morbi

123 675 244 740 Corpora
261 675 428 742 corripiunt„
439 674 488 727 sed
506 678 566 728 tota
584 675 687 728 aestiva
705 680 828 744 repente,

123 751 261 818 Spemque
286 767 454 818 gregemque
481 751 568 815 simul,
596 756 777 820 cunctamque
806 753 841 805 ab
871 754 977 819 origiue

190 832 308 893 gentem.

123 902 190 954 'l'um
209 904 284 970 sciat,
303 905 393 958 aerias
411 905 498 972 Alpes
515 907 544 958 et
563 904 663 958 Norica
681 906 704 958 si
723 905 785 974 quis

123 979 242 1033 Castella
260 982 287 1033 in
306 981 418 1035 tumulis
437 986 465 1034 et
485 981 595 1049 Iapydis
613 998 679 1034 arva
697 982 800 1034 Timavi
940 998 977 1038 47⁵

124 1055 147 1106 N
151 1073 202 1109 nnc
220 1073 329 1126 quoque
347 1064 410 1128 post
427 1063 504 1111 tanto
523 1057 615 1110 videat
634 1057 798 1126 desertaque
817 1075 902 1125 regna

124 1133 268 1187 Pastorum
287 1139 316 1188 et
333 1135 413 1204 longe
431 1135 516 1188 saltus
535 1135 645 1203 lateque
662 1134 793 1191 vacantis.

159 1210 212 1264 llie
230 1211 367 1278 quondam
385 1211 482 1264 morbo
499 1211 566 1264 caeli
584 1210 740 1264 miseranda
758 1215 853 1264 coorta
870 1216 913 1265 est

123 1285 282 1356 Tempestas
300 1292 415 1355 totoque
433 1287 557 1341 autumni
574 1286 718 1340 incanduit
735 1291 822 1353 aestu,

123 1361 159 1416 Et
170 1381 256 1430 genus
268 1379 348 1417 omne
361 1365 419 1417 neci
432 1363 566 1431 pecudum
580 1363 667 1431 dedit,
680 1380 760 1416 omne
772 1363 899 1428 ferarum,
938 1381 975 1420 ssa

123 1439 307 1509 Corrupitque
324 1440 407 1505 lacus,
425 1440 520 1493 infecit
538 1439 641 1507 pabula
656 1440 729 1494 tabo.

122 1514 147 1569 N
150 1533 180 1569 ec
199 1517 242 1569 via
260 1517 356 1570 mortis
374 1521 435 1569 erat
452 1517 582 1584 simplex3
600 1516 650 1569 sed
668 1515 715 1569 ubi
733 1517 814 1584 ignea
832 1519 908 1571 venis

122 1590 254 1645 Omnibus
273 1597 333 1646 acta
351 1593 411 1646 sitis
429 1593 543 1645 miseros
560 1592 715 1646 adduxerat
733 1597 816 1659 artua,

123 1669 228 1722 ltursus
246 1669 404 1723 abundabat
423 1669 524 1722 fluidus
541 1669 633 1738 liquor
650 1671 794 1738 omniaque
813 1671 841 1723 in
859 1688 890 1724 se

122 1743 191 1796 assa
209 1745 364 1799 minutatim
383 1746 477 1798 morbo
496 1745 623 1813 conlapsa
640 1744 775 1798 trahebat.
939 1761 976 1800 4⁸5

121 1825 210 1890 t'aepe
227 1821 254 1874 in
272 1822 374 1876 honore
392 1822 474 1876 deum
492 1821 583 1875 medio
602 1826 677 1874 stans
696 1821 784 1874 hostia
802 1824 939 1888 adaram,

123 1898 214 1954 Lanca
232 1899 297 1952 dum
315 1899 396 1952 nivea
413 1898 598 1952 circumdatur
616 1898 701 1950 infula
720 1898 797 1956 vitta.

122 1974 201 2029 Inter
218 1976 370 2029 cunctantis
388 1975 488 2029 cecidit
506 1974 669 2027 moribunda
686 1975 833 2028 ministros.

122 2054 182 2106 Aut
200 2053 223 2106 si
241 2069 323 2122 quam
342 2052 414 2106 ferro
433 2055 600 2105 mactaverat
618 2055 682 2104 anate
701 2050 836 2115 sacerdos

123 2128 193 2182 Inde
211 2147 300 2199 neque
318 2129 443 2199 inpositis
461 2128 561 2182 ardent
579 2127 675 2180 altaria
693 2127 778 2194 fibris,
939 2142 975 2181 loo

122 2204 180 2259 Nec
198 2223 327 2274 responsa
344 2210 436 2274 potest
453 2205 593 2258 consultus
610 2204 727 2257 reddero
745 2209 830 2271 vates,

122 2282 165 2335 Ac
183 2283 228 2335 vix
246 2283 378 2351 suppositi
398 2282 561 2349 tinguuntur
579 2280 709 2348 sanguine
728 2280 809 2334 cultri

122 2360 288 2428 Summaque
306 2359 396 2412 ieiuna
414 2359 488 2410 sanie
506 2357 658 2410 infuscatur
676 2373 764 2410 arena.

123 2436 195 2490 Hinc
213 2435 294 2489 laetis
311 2435 389 2488 vituli
409 2434 486 2502 volgo
504 2434 658 2486 moriuntur
675 2433 704 2486 in
722 2433 822 2500 herbiS,

122 2513 159 2566 Et
177 2512 263 2566 duleis
281 2511 386 2564 animas
403 2511 484 2576 plena
502 2509 538 2562 ad
556 2510 698 2578 praesepia
715 2509 852 2575 reddunt;
939 2527 974 2565 ms

122 2589 194 2642 Hine
212 2588 324 2642 canibus
341 2587 448 2640 blandis
466 2586 557 2640 rabies
574 2587 656 2653 venit,
674 2590 703 2639 et
722 2587 811 2654 quatit
829 2604 927 2654 aegros

122 2665 214 2719 'l'ussis
232 2664 329 2718 anhela
347 2681 410 2718 sues
428 2681 459 2717 ac
477 2663 600 2717 faucibus
618 2663 695 2730 angit
713 2663 812 2716 obesis.

122 2743 238 2796 Labitur
255 2742 348 2796 infelix
367 2740 521 2795 studiorum
539 2744 624 2809 atquo
642 2740 776 2792 inmemor
793 2739 895 2793 herbae

75 2873 79 2882 ,
122 2820 219 2874 Victor
237 2835 325 2887 equus
342 2818 480 2886 fontisque
499 2817 634 2870 avertitur
652 2819 681 2870 et
698 2815 770 2884 pede
789 2821 891 2868 terram

122 2897 225 2951 Crebra
243 2895 323 2960 ferit;
341 2894 476 2948 demissae
494 2889 581 2960 aures,
601 2894 720 2946 incertus
737 2891 838 2944 ibidem
937 2905 974 2946 sco

121 2973 218 3043 Sudor,
236 2977 265 3027 ct
282 2973 329 3026 ille
347 2972 457 3040 quidem
476 2971 616 3024 morituris
634 2969 755 3036 frigidus,
775 2971 835 3020 aret

123 3051 204 3105 Pollis
222 3050 305 3104 etad
324 3055 427 3104 tactum
446 3048 576 3102 tractanti
595 3047 664 3099 dura
682 3045 792 3098 resistit.

122 3128 199 3193 Haec
217 3131 281 3180 ante
300 3127 414 3180 exitium
432 3125 527 3195 primis
545 3125 613 3178 dant
632 3123 709 3190 sigua
727 3120 840 3184 diebus;

122 3205 169 3261 Sin
187 3205 216 3259 in
233 3221 361 3274 processu
379 3204 468 3274 coepit
486 3202 646 3260 crudescere
664 3198 783 3262 morbus,
