2234 3554
108 133 152 180 180
339 127 368 175 P.
385 125 541 176 -VERGILI
559 129 726 178 MARONIS

108 209 272 278 Insequitur.
311 208 413 261 Causas
431 209 501 262 tanti
521 209 589 262 sciat
605 210 652 263 illa
669 210 776 266 furoris.

110 289 173 356 lpse
191 285 258 337 mihi
276 302 363 353 nuper
383 285 489 352 Libycis
508 289 540 338 tu
558 288 639 340 testis
657 288 684 340 in
702 289 783 342 undis

110 367 196 430 Quam
214 363 313 416 molem
332 361 423 415 subito
443 363 569 416 excierit:
589 365 675 417 maria
692 366 781 418 omnia
799 368 875 422 eaelo
928 383 964 424 no

109 443 227 509 Miscuit,
248 440 352 492 Aeoliis
370 440 535 507 nequiquam
547 441 626 493 'freta
644 442 776 509 procellis,

111 520 144 572 ln
161 519 252 586 regnis
270 517 319 569 hoe
338 533 404 568 ausa
421 517 482 569 tuis.

111 597 164 649 l'er
181 595 268 648 scelus
287 611 348 648 ecce
367 594 450 646 etiam
469 595 591 648 Troianis
610 596 744 650 matribus
762 598 831 651 actis

109 673 221 726 Exussit
239 672 319 725 foede
338 673 445 741 puppis,
464 676 492 724 ct
511 672 595 725 classe
614 672 722 740 subegit

111 751 219 803 Amissa
237 751 322 803 socios
341 750 449 817 ignotae
467 749 592 816 linquere
609 753 707 803 terrae.
862 777 864 782 ·
930 765 966 804 tea

110 827 189 890 Quod
208 831 340 898 superest,
361 844 415 894 oro,
436 826 515 878 liccat
535 825 602 879 dare
619 829 680 879 tuta
698 843 748 894 per
765 827 853 882 undas

110 903 180 957 Vela
197 904 256 972 tibi,
275 904 355 957 liceat
376 904 541 957 Laurentem
560 905 697 971 attingere
716 904 853 973 Thybrim,

111 979 139 1033 si
157 997 284 1035 concessa
301 985 374 1050 pcto,
395 983 416 1034 ai
436 983 503 1035 dant
521 999 553 1034 ea
572 981 677 1033 moenia
699 981 807 1035 Parcae.

111 1058 178 1110 Tum
198 1059 341 1112 Saturnius
360 1060 426 1113 hace
446 1059 565 1112 domitor
582 1058 665 1110 maris
683 1057 771 1110 edidit
789 1059 851 1112 alti:

111 1134 163 1186 Pas
182 1151 261 1188 omne
280 1140 330 1202 est,
351 1137 493 1205 Cytherea,
512 1136 581 1189 meis
599 1138 629 1189 te
647 1134 733 1187 fidere
750 1135 850 1202 regnis,
930 1148 966 1188 eoo

111 1211 192 1264 Unde
210 1230 296 1280 genus
315 1213 398 1266 ducis.
436 1214 525 1266 Merui
544 1229 667 1281 quoque;
688 1229 768 1280 saepo
786 1211 892 1264 furores

111 1287 265 1356 Compressi
284 1293 313 1341 et
331 1283 433 1345 rabiem
454 1293 559 1341 tantam
579 1289 702 1356 caelique
721 1290 863 1357 marisque.

112 1363 169 1416 Nee
187 1365 276 1417 minor
292 1365 320 1417 in
339 1366 428 1432 terrie,
450 1365 590 1418 Xanthum
612 1365 804 1433 Simoentaque
824 1367 920 1429 testor,

112 1439 222 1494 Aeneae
240 1441 306 1494 mihi
325 1457 390 1494 cura
407 1442 456 1495 tui.
494 1442 563 1494 Cum
583 1441 662 1494 Troia
682 1441 803 1496 Achilles

112 1515 273 1570 Exanimata
291 1535 407 1586 sequens
426 1519 581 1587 inpingeret
600 1519 708 1586 agmina
725 1518 818 1586 muris,
931 1531 967 1569 aee

111 1592 188 1645 Milia
205 1594 291 1647 multa
310 1594 389 1648 daret
408 1595 471 1662 leto,
490 1597 688 1663 gemerentque
706 1594 805 1664 repleti

113 1671 223 1736 Amnes,
242 1686 293 1724 nee
310 1671 431 1739 reperire
451 1672 521 1725 riam
540 1676 624 1741 atque
644 1673 766 1725 evolvere
784 1673 877 1740 posset

113 1746 146 1799 In
165 1763 240 1799 mare
259 1765 288 1800 se
308 1747 441 1816 Xanthus,
462 1748 573 1802 Pelidae
593 1753 658 1802 tune
677 1765 727 1816 ego
745 1747 810 1801 forti

113 1824 295 1890 Congreseum
316 1825 428 1878 Aenean
448 1843 497 1878 nec
516 1825 558 1877 dis
578 1842 626 1879 nec
645 1825 747 1878 vin'bus
765 1823 859 1892 aequis

113 1899 192 1952 Nube
211 1917 276 1952 cava
294 1902 379 1970 rapui,
399 1919 527 1969 cuperem
546 1919 606 1954 cum
627 1905 735 1954 vertere
754 1900 789 1952 ah
806 1901 862 1952 ime
932 1912 968 1950 s1o

113 1976 224 2029 Structo
242 1978 309 2030 meis
328 1977 453 2030 manibus
471 1979 597 2046 periurae
613 1973 722 2030 'moenia
742 1976 845 2029 Troiae.

114 2053 138 2104 N
141 2070 192 2105 unc
205 2071 313 2122 quoque
326 2072 403 2108 mens
416 2054 512 2108 cadem
525 2057 632 2122 perstat
644 2053 725 2118 mihi;
740 2052 810 2122 polle
822 2052 955 2104 timorem.

114 2129 207 2197 Tutus,
227 2148 295 2199 quoe
315 2136 400 2199 optas,
418 2137 515 2200 portus
533 2130 646 2184 accedet
666 2129 777 2184 Averni.

117 2205 192 2258 Unus
210 2207 263 2259 erit
282 2211 397 2274 tantum,
418 2209 546 2261 amissum
565 2225 647 2276 quem
666 2206 775 2274 gurgite
794 2219 925 2272 quaeres;

114 2283 206 2336 Unum
224 2300 274 2350 pro
293 2284 386 2336 multis
406 2283 517 2337 dabitur
535 2289 624 2352 caput
933 2293 969 2331 ⁸1⁵

117 2359 167 2410 llis
184 2358 232 2411 ubi
251 2359 324 2411 laeta
343 2359 411 2412 deae
428 2361 572 2428 permulsit
590 2365 703 2429 pectora
721 2358 808 2427 dictis,

115 2435 209 2501 lungit
227 2451 311 2502 equos
330 2451 396 2487 auro
416 2436 537 2504 Genitor,
557 2437 765 2504 spumantiaque
783 2433 862 2488 addit

115 2511 205 2564 Frena
222 2511 295 2573 feris,
315 2512 494 2580 manibusque
514 2515 600 2567 omnis
620 2513 734 2567 effirndit
752 2511 881 2564 habenae.

116 2587 246 2640 Caeruleo
265 2604 315 2656 per
334 2605 439 2640 summa
457 2589 523 2642 levis
542 2591 615 2644 uolat
635 2605 752 2657 aequora
770 2605 866 2650 curru;

115 2663 265 2716 Subsidunt
283 2664 380 2732 undae,
400 2665 590 2734 tumidumque
610 2666 660 2718 snb
678 2681 729 2717 axe
747 2663 854 2717 tonanti
935 2675 970 2713 ae

115 2739 255 2792 Sternitur
272 2757 375 2810 aequor
395 2742 479 2810 aquis,
498 2743 606 2809 fugiunt
625 2745 702 2794 vasto
720 2740 832 2794 aethere
850 2735 942 2791 nimbi.

116 2815 183 2868 Tum
203 2818 294 2870 variae
313 2819 442 2870 comitum
462 2819 552 2885 iacies,
573 2819 690 2872 inmania
708 2820 776 2884 cete,

117 2892 153 2944 Et
172 2893 261 2945 senior
280 2893 375 2947 Glauci
394 2895 498 2962 chorus,
518 2895 655 2963 Inousque
676 2893 830 2961 Palaemon,

117 2967 296 3037 Tritonesque
315 2970 370 3037 citi,
390 2969 542 3028 Phorc²que
562 2971 699 3023 exereitus
719 2969 822 3034 omnis;

118 3042 207 3095 Laeva
224 3047 302 3099 tenet
321 3045 420 3110 Thetis,
439 3050 468 3098 et
487 3045 590 3112 Melite,
610 3046 792 3114 Panopeaque
809 3046 894 3112 virgo,
936 3055 971 3093 ers

117 3117 231 3186 Nesaee,
250 3121 377 3191 Spioque,
396 3122 550 3190 Thaliaque,
569 3121 784 3190 Cymodoceque.

154 3193 313 3268 Hielpatris
333 3200 444 3252 Aeneae
464 3214 622 3268 suspensam
641 3196 742 3250 alauda
760 3194 877 3249 vicissim
