2232 3556
408 170 595 220 AENEIDOS
612 171 681 222 LIB.
701 173 766 223 XII.
967 165 1012 214 333

158 248 325 317 Insequitur,
343 249 501 318 trepidique
518 249 617 319 pedem
635 251 708 319 pede
725 250 848 306 fervidus
866 250 981 317 urguet:

159 325 296 378 inclusum
314 325 399 378 veluti
418 326 441 378 si
460 327 569 395 quando
586 327 697 382 flumine
714 331 810 381 nactus

157 401 275 455 (larvam
293 405 341 455 aut
359 402 490 470 puniceae
509 406 634 471 saeptum
653 403 798 458 formidine
816 418 921 473 pennae
977 413 1013 454 rec

158 477 282 530 Venator
298 494 380 530 cursu
397 479 472 532 canis
491 482 520 532 et
538 479 685 533 latratibus
703 480 804 544 instat3

158 552 209 606 lllc
227 556 328 620 autem,
346 554 453 608 insidiis
471 558 500 608 et
518 555 578 624 ripa
596 556 711 609 territus
729 555 793 622 alta,

157 628 234 682 Mille
252 629 323 696 fugit
340 631 499 699 refugitque
516 632 587 686 vias:
606 635 636 685 at
653 631 761 684 vividus
779 628 885 684 Umber

158 705 264 759 Haeret
281 705 366 773 hians,
384 707 438 760 iam
455 708 565 776 iamque
582 711 667 775 tenet,
685 707 835 775 similisque
852 703 960 759 tenenti

158 781 299 850 increpuit
317 782 402 850 malis,
420 799 567 852 morsuque
586 784 678 838 elusus
696 784 770 837 inani
788 785 837 836 est.
977 792 1012 834 rso

157 857 224 911 Tum
243 874 307 912 vero
324 859 449 914 exoritur
467 859 576 926 clamor,
595 861 726 928 ripaeque
744 859 872 926 lacusque

120 982 122 984 .
157 933 329 1004 Responsant
347 935 425 1000 circa,
442 939 472 989 et
489 936 593 989 caelum
611 939 691 989 tonat
708 951 788 988 omne
805 932 933 986 tumultu

157 1009 209 1064 Ille
227 1010 307 1064 simul
325 1010 431 1078 fugiens
451 1011 569 1065 Rutulos
587 1011 668 1064 simul
685 1011 809 1078 increpat
827 1009 921 1072 omnis,

156 1087 272 1140 Nomine
290 1103 428 1155 quemque
445 1103 553 1154 vocaus,
571 1090 724 1155 notumque
742 1085 875 1153 efflagitat
893 1098 994 1136 ensem.

156 1164 266 1217 Aeneas
283 1167 399 1216 mortem
417 1167 512 1227 contra
529 1180 713 1232 praesensque
732 1163 852 1215 minatur
975 1172 1011 1214 rec

156 1238 287 1302 Exitium,
306 1239 329 1290 si
345 1239 490 1308 quisquam
509 1240 599 1307 adeat,¹
618 1243 761 1308 terretque
779 1235 932 1302 trementis,

157 1315 319 1366 Excisumm
336 1314 433 1368 urbem
452 1315 588 1383 minitans,
608 1318 638 1369 et
656 1316 762 1369 saucius
779 1315 870 1366 instat.

158 1389 284 1456 Quinque
302 1389 375 1442 orbis
393 1389 503 1458 explent
521 1407 610 1458 eursu,
627 1391 800 1458 totidemque
818 1390 948 1444 retexunt

158 1465 221 1516 Huc
238 1464 316 1529 illue;
334 1481 423 1532 neque
441 1466 512 1518 euim
530 1467 602 1520 levia
620 1471 668 1522 aut
686 1467 791 1520 ludicra
808 1467 940 1533 petuntur

159 1539 289 1608 Praemia,
303 1541 352 1594 sed
365 1541 496 1595 Tumida
509 1542 567 1595 vita
579 1547 608 1597 et
619 1542 750 1612 sanguine
761 1543 877 1594 certant.
975 1549 1010 1595 aaa

157 1615 242 1670 Forte
259 1634 335 1671 sacer
353 1617 447 1670 Nauna
465 1618 537 1672 foliis
555 1619 674 1672 oleaster
691 1617 791 1672 amaris

157 1692 210 1746 Hic
228 1696 351 1761 steterat,
369 1694 461 1748 nautis
479 1694 543 1748 olim
562 1693 719 1748 venerabile
736 1694 848 1762 lignum,

156 1768 263 1823 Servati
281 1787 315 1823 ex
332 1771 415 1824 undis
432 1770 480 1824 ubi
498 1771 584 1837 figere
602 1771 674 1824 dona
693 1769 816 1823 solebant

156 1845 287 1898 Laurenti
304 1846 368 1899 divo
386 1849 416 1899 et
432 1850 510 1898 vetas
529 1846 696 1913 suspendere
714 1849 818 1910 vestem

155 1920 212 1973 Sed
230 1921 344 1987 stirpem
362 1922 459 1974 'leucri
476 1921 551 1973 nullo
569 1920 725 1974 discrimine
744 1937 849 1974 sacrum
973 1929 1010 1972 tro
1074 1939 1077 1945 ’

157 1995 337 2062 sustulerant,
354 2013 424 2063 puro
442 1999 474 2049 ut
491 1999 603 2065 possent
621 2013 783 2050 concurrere
801 2011 904 2064 campo.

157 2072 212 2125 Ilio
229 2070 308 2125 hasta
327 2073 439 2126 Aeneae
457 2071 564 2138 stabat;
582 2072 634 2126 huc
653 2073 772 2141 impetus
789 2072 863 2125 illam

156 2147 308 2216 Detulcrat,
327 2149 410 2202 fixam
428 2152 458 2203 et
475 2149 550 2203 lenta
568 2150 596 2203 in
615 2150 707 2202 radice
725 2148 845 2202 tenebat.

157 2225 285 2280 Incubuit
302 2226 443 2294 voluutquc
461 2242 543 2280 manu
560 2225 712 2280 convellere
729 2226 831 2278 ferrum

157 2301 337 2368 Dardanides,
350 2302 461 2370 teloque
476 2303 560 2370 sequi,
573 2318 655 2371 quem
668 2301 804 2369 prendere
816 2315 898 2354 cursu
973 2309 1008 2353 ris

157 2377 218 2431 Nou
235 2382 351 2446 poterat.
388 2379 455 2432 'lum
474 2395 538 2431 vere
557 2394 650 2430 amens
668 2376 813 2429 formidine
832 2375 946 2439 Turnus,

157 2453 258 2522 Nauna,
275 2471 379 2522 precer,
397 2455 536 2519 miserere,
555 2454 646 2523 inquit
664 2458 749 2522 tuque
772 2455 884 2520 optuma
906 2449 1007 2502 ferrum

156 2529 240 2583 l'erra
256 2534 328 2592 tene,
347 2531 416 2584 milui
434 2534 541 2584 vestros
558 2531 582 2583 si
602 2545 710 2598 semper
727 2528 850 2593 honores,

157 2607 230 2670 Quos
249 2609 344 2660 contra
362 2606 509 2660 Aeneadae
527 2605 599 2659 bello
618 2605 707 2658 fecere
725 2603 859 2672 profanos.

158 2681 243 2748 Dixit,
262 2697 397 2750 opemque
414 2681 459 2734 dei
477 2699 530 2734 non
549 2698 625 2734 cassa
643 2681 670 2733 in
688 2683 753 2732 vota
770 2677 883 2731 vocavit.
975 2687 1010 2731 rer

157 2757 282 2825 Namque
300 2757 349 2810 diu
365 2759 472 2812 luctans
489 2758 618 2824 lenteque
637 2757 665 2809 in
684 2756 771 2823 stirpe
788 2755 910 2807 moratus

158 2828 269 2886 Viribus
286 2833 361 2887 haud
377 2833 440 2886 ullis
457 2834 542 2887 valuit
560 2832 714 2886 discludere
732 2846 838 2883 mersus

158 2907 274 2961 Roboris
293 2912 408 2964 Aeneas.
444 2909 516 2964 Dum
534 2909 633 2962 nititur
651 2923 715 2960 acer
732 2909 761 2960 et
778 2906 871 2972 instat,

158 2984 264 3037 Rursus
282 2986 309 3038 in
327 2987 438 3054 aurigae
455 2987 552 3039 faciem
570 2988 676 3038 mutata
695 2981 804 3036 Metisci

157 3061 297 3116 Procurrit
315 3062 448 3131 fratrique
467 3078 559 3115 ensem
578 3059 630 3112 dea
650 3058 757 3112 Daunia
773 3057 872 3112 reddit.
968 3061 1005 3103 ⁷8¹

156 3137 238 3203 Quod
256 3138 351 3191 Venus
369 3138 465 3192 audaci
484 3135 625 3205 Nymphae
644 3135 786 3202 indignata
803 3135 893 3198 licere,

160 3213 289 3278 Accessit,
307 3215 448 3283 telumque
466 3213 523 3267 alta
539 3212 576 3265 ab
594 3211 686 3264 radice
704 3209 818 3266 revellit.
