2232 3556
347 534 375 584 Ρ.
395 505 550 582 venerer
567 533 734 583 Maecius

310 703 778 778 AENEIDOS

345 903 462 955 LIBER
481 901 741 955 DUODECIMUS.

493 1058 592 1084 —4-

121 1176 237 1230 Turinus
255 1181 286 1228 ut
304 1177 433 1228 infractos
451 1176 565 1228 adverso
585 1176 675 1227 Marte
695 1174 805 1227 Latinos

122 1251 259 1304 Deieoisse
278 1252 360 1317 videt,
379 1268 427 1304 sua
446 1267 516 1304 nunc
534 1251 667 1318 promissa
685 1249 799 1317 reposci,¹

122 1327 157 1380 Se
176 1328 276 1394 signari
295 1327 386 1392 oculis,
405 1327 478 1379 ultro
496 1325 664 1394 inplacabilis
682 1325 770 1392 ardet,

124 1403 289 1471 Attollitque
308 1404 418 1457 animos.
457 1404 608 1456 Poenorum
627 1401 715 1470 qualis
733 1402 761 1453 in
779 1403 851 1454 arvis

123 1479 234 1532 Saucius
252 1480 298 1532 ille
316 1480 391 1546 gravi
409 1483 557 1532 venantum
576 1479 685 1530 volnere
702 1480 798 1544 pectus
969 1491 983 1530 e

122 1554 191 1607 Tum
209 1555 319 1607 demum
338 1559 429 1608 movet
447 1571 523 1607 arma
540 1555 591 1620 leo,
609 1553 766 1622 gaudetque
784 1550 918 1605 comantis

123 1630 271 1682 Excutiens
290 1631 393 1682 cervice
411 1633 493 1697 toros,
513 1630 653 1697 fixumque
670 1629 784 1682 latronis

123 1706 271 1774 Inpavidus
290 1706 391 1774 frangit
408 1707 502 1772 telum,
521 1711 550 1760 et
567 1707 660 1759 fremit
679 1722 726 1758 ore
743 1708 869 1758 cruento:

124 1782 206 1835 Haud
225 1799 300 1834 secus
319 1799 431 1835 accenso
450 1782 539 1849 gliscit
556 1782 685 1835 violentia
703 1781 799 1833 Turno.

122 1858 190 1910 Tum
209 1858 247 1910 sic
265 1858 375 1911 adfatur
393 1875 495 1926 regem,
514 1862 597 1925 atque
615 1858 655 1910 ita
673 1856 800 1910 turbidus
818 1855 894 1909 infit:
953 1871 981 1910 10

124 1934 205 1987 Nulla
217 1950 292 1987 mora
305 1935 332 1986 in
345 1935 435 1987 Turno
447 1955 453 1999 ;
471 1935 538 1986 nihil
551 1939 602 2000 est,
615 1933 690 2002 quod
702 1933 776 1986 dicta
788 1933 941 1985 retractent

125 2011 219 2077 ignavi
240 2011 395 2074 Aeneadae,
414 2027 471 2078 nec,
490 2027 561 2078 quae
579 2011 718 2078 pepigere,
736 2012 870 2061 recusent.

123 2086 300 2153 Congredior.
338 2087 392 2140 Fer
410 2104 493 2153 sacra
511 2091 598 2155 pater,
617 2090 645 2140 et
663 2088 773 2154 concipe
791 2084 894 2138 foedus.

125 2165 183 2214 Aut
200 2162 250 2215 hao
269 2162 438 2215 Dardanium
457 2163 557 2215 dextra
574 2162 625 2215 sub
644 2163 757 2216 Tartara
774 2161 890 2224 mittam,

123 2237 298 2291 Desertorem
319 2237 560 2302 Asiae-sedeant
578 2241 758 2306 spectentque
777 2236 902 2290 Latini*
954 2251 981 2288 re

124 2313 160 2366 Et
178 2314 250 2366 solus
268 2315 340 2366 ferro
359 2315 462 2366 crimen
480 2331 622 2366 commune
640 2313 780 2378 refellam3

125 2393 183 2443 Aut
201 2389 301 2442 habeat
319 2390 413 2455 victos,
433 2389 514 2442 cedat
533 2389 644 2442 Lavinia
661 2388 785 2440 coniunx.

159 2465 213 2518 Olli
233 2465 328 2517 sedato
346 2466 489 2533 respondit
506 2465 589 2518 eorde
608 2464 739 2518 Latinus:

125 2542 147 2592 Ο
167 2545 310 2610 praestans
329 2541 411 2593 animi
430 2542 542 2608 iuvenis,
561 2544 694 2608 quantum
712 2540 770 2608 ipso
788 2539 873 2592 feroci

125 2618 236 2670 Virtute
249 2634 404 2685 exsuperas,
418 2621 496 2670 tanto
508 2634 552 2670 me
564 2617 702 2684 inpensius
714 2632 832 2685 aequum
848 2619 891 2668 est
956 2619 984 2658 2⁰

125 2693 278 2761 Consulere,
298 2697 382 2762 atque
401 2695 487 2746 omnis
505 2697 674 2746 metuentem
693 2692 848 2759 expendere
866 2706 952 2744 casua

125 2769 194 2822 Sunt
211 2769 262 2822 tibi
281 2787 364 2837 regna
382 2770 470 2838 patris
489 2768 587 2834 Dauni,
606 2772 669 2821 sunt
687 2767 788 2837 oppida
805 2770 885 2835 cepto

125 2844 213 2898 Multa
225 2862 307 2897 manu
318 2866 324 2909 ;
341 2863 391 2899 nec
403 2863 456 2898 non
468 2861 619 2912 aurumque
632 2844 792 2912 animusque
806 2843 902 2896 Latino
915 2849 967 2897 est

125 2920 193 2973 Sunt
211 2921 280 2973 aliae
298 2921 429 2989 innuptae
449 2921 526 2974 Latio
545 2923 573 2973 et
593 2919 776 2972 Laurentibus
794 2918 873 2986 agris,

125 2995 183 3048 Nec
194 3013 280 3063 genus
292 2996 439 3050 indecores.
476 2997 540 3050 Sine
553 3013 596 3048 me
609 2996 676 3048 haec
687 2995 761 3048 haud
775 2994 865 3048 mollia
876 2993 936 3046 fatu

125 3070 244 3123 Sublatis
263 3071 369 3139 aperire
388 3072 475 3135 dolis;
494 3072 573 3123 simul
592 3071 642 3123 hoo
661 3071 750 3123 animo
769 3069 865 3123 hauri:
956 3083 983 3122 ae

127 3143 171 3196 Me
189 3151 281 3200 natam
299 3149 366 3200 nulli
384 3144 506 3200 veterum
524 3147 626 3199 sociare
644 3161 786 3214 procorum

127 3216 179 3270 llas
197 3227 263 3282 erat,
276 3224 360 3291 idque
378 3239 471 3275 omnes
489 3222 599 3289 divique
617 3221 794 3290 hominesque
813 3220 956 3286 canebant.
