2234 3554
392 170 578 218 AENEIDOS
595 171 664 220 LIB.
685 171 764 222 VIII.
952 171 999 216 245

149 247 228 302 lllam
247 251 320 304 iuter
337 250 436 303 caedes
454 251 603 319 pallentem
621 255 711 306 morto
728 253 822 308 futura

148 324 264 381 Fecerat
284 327 444 395 Ignipotens
462 328 544 380 undis
562 332 591 381 et
611 328 713 397 Iapyge
730 330 797 384 ferri
807 352 814 396 余
964 341 1001 382 nc

148 401 250 455 Contra
267 408 360 456 autem
384 419 482 470 ruagno
500 407 669 458 maerentem
688 421 801 474 corpore
820 406 923 472 Nilum,

149 477 374 547 Pandentemque
393 478 468 530 sinus
487 483 515 532 et
533 483 593 532 tota
610 484 687 533 veste
705 486 847 535 vocantem

148 554 309 610 Caeruleum
328 559 356 608 in
374 555 508 622 gremium
527 555 718 624 latebrosaque
736 558 848 610 flnnrina
864 559 958 612 victoa

148 634 188 685 At
207 632 314 699 Caesar,
332 631 434 700 triplici
452 632 575 684 invectus
595 632 717 686 Rourana
735 634 873 702 triumpho

147 709 263 777 Moenia,
282 709 324 763 dis
344 709 422 762 Italis
440 713 533 762 votum
552 709 696 762 inmortale
714 709 846 776 sacrabat,
963 723 1001 763 715

147 785 278 839 Maxuma
296 789 340 840 ter
359 789 467 840 centnm
487 788 574 838 totam
593 785 708 839 delubra
725 803 775 854 per
794 787 906 840 Urbem.

147 862 266 916 Laetitia
283 863 410 930 ludisque
428 862 489 914 viae
507 862 660 930 plausuque
678 863 848 927 fremebant3

146 937 280 992 Omnibus
297 939 325 992 iu
343 938 455 1007 templis
472 941 591 991 matrum
610 938 715 1006 cherua,
735 938 861 992 omnibus
879 955 959 1003 arae余

149 1017 222 1068 Ante
239 1032 301 1068 aras
318 1019 422 1069 terram
439 1013 510 1066 caesi
529 1017 652 1068 stravere
670 1015 783 1068 invenci.

147 1090 218 1158 Ipse,
236 1091 335 1145 sedens
352 1091 432 1144 niveo
451 1089 591 1143 candentis
609 1089 701 1143 limine
720 1090 833 1158 Phoebi,
962 1103 998 1145 mo

146 1166 225 1220 Dona
241 1167 411 1236 recognoscit
429 1165 591 1235 populorum
611 1171 745 1234 aptatque
763 1167 890 1235 superbis

147 1242 290 1308 Postibus余
307 1243 440 1296 incedunt
457 1243 546 1294 victae
564 1241 643 1309 longo
661 1242 757 1295 ordine
774 1249 880 1310 gentes,

146 1317 233 1382 Quam
251 1320 343 1374 variae
360 1319 468 1386 linguiS,
487 1317 584 1370 habitu
602 1322 658 1370 tam
677 1319 761 1370 vestis
780 1322 808 1372 et
826 1319 916 1371 armis,

146 1395 201 1448 Hic
219 1396 374 1449 Nomadum
392 1411 478 1464 genus
497 1398 525 1447 ct
544 1395 689 1448 discinctos
709 1394 843 1448 Mulciber
863 1395 953 1460 Afros,

147 1471 201 1524 Hic
218 1472 332 1540 Lelegas
352 1472 490 1540 Carasque
509 1470 732 1538 sagittiferosque
751 1470 869 1524 Gelonos
961 1484 997 1524 rae

146 1547 292 1614 Finxerat3
311 1547 466 1615 Euphrates
483 1547 541 1600 ibat
558 1547 612 1599 iam
631 1547 738 1598 mollior
756 1545 851 1609 undis3
904 1541 905 1544 '

147 1622 325 1692 Extremique
343 1624 481 1676 hominum
501 1623 608 1687 Morini,
627 1621 796 1690 Rhenusque
814 1621 947 1687 bicornis余

147 1699 334 1768 indomitique
353 1700 454 1764 Dahae,
474 1702 503 1752 et
520 1702 631 1767 pontem
649 1698 809 1765 indignatus
828 1699 944 1752 Araxes,

146 1774 222 1828 Talia
239 1792 289 1843 per
307 1775 424 1842 clipeum
444 1774 564 1838 Volcani,
583 1773 655 1826 dona
672 1773 802 1841 parentia,

147 1849 272 1916 Miratur,
289 1866 437 1916 rerumque
455 1849 566 1914 ignarus
584 1849 703 1914 imagine
720 1847 831 1914 gaudet,
960 1861 996 1902 tue

149 1925 286 1978 Attollens
303 1924 416 1978 humero
434 1923 588 1990 famamque
606 1926 635 1974 et
653 1922 710 1974 lata
727 1925 867 1990 nepotum.
