2232 3556
358 141 542 189 AENEIDOS
560 143 625 189 LIB.
646 143 697 192 IX.
913 148 962 199 ⁶25?

115 221 271 276 Conclamat
289 221 387 275 Nisus:
412 239 462 275 nec
480 239 510 274 sc
529 222 618 276 celare
635 224 759 278 tenebris
925 242 961 284 aas

114 296 248 364 Amplius,
267 299 316 349 aut
333 299 442 349 tanturn
460 297 552 364 potuit
570 299 694 366 perferre
711 300 845 357 dolorem:

115 372 167 440 Mc,
187 388 238 438 me,
256 371 362 438 adsum,
380 372 427 439 qui
446 372 506 438 feci,
524 373 551 424 in
570 390 614 426 ine
632 377 781 429 convertite
800 378 911 447 lenum,

9 506 11 515 Α
114 447 267 502 ORutuli!
293 464 355 500 mea
373 448 447 500 fraus
465 449 567 512 omnis3
591 449 657 502 nihil
676 451 729 504 iste
746 459 797 506 net
814 471 903 522 ausus,

114 524 138 576 N
141 541 172 577 ec
190 524 296 592 potuit;
319 523 423 576 caelum
442 523 492 577 hoc
511 528 540 578 et
558 527 664 579 conscia
682 527 772 581 sidera
790 532 892 596 testor;

114 600 230 653 Tantum
248 599 384 652 infelicem
402 601 516 653 nimium
535 601 634 654 dilexit
652 604 775 657 anticum.
926 621 962 659 suo

114 675 188 729 'l'alia
206 675 280 729 dicta
298 675 398 740 dabat3
422 676 472 729 sed
489 676 594 729 viribus
612 679 684 732 ensis
702 680 816 735 adactus

113 751 267 804 Transabiit
285 755 374 804 costas
392 755 421 805 et
439 751 554 805 candida
571 759 683 821 pectora
701 758 811 824 rumpit.

117 826 240 880 Volvitur
259 826 391 894 Euryalus
409 827 473 893 leto,
491 827 673 896 pulchrosque
691 849 741 900 per
758 837 834 887 artus

113 903 142 956 It
157 920 244 969 cruor,
263 903 345 971 inque
363 902 490 957 humeros
507 905 599 957 cervix
617 907 744 975 conlapsa
761 909 909 964 recumbit:

112 979 269 1048 Purpureus
287 979 373 1032 veluti
391 995 453 1032 cum
471 979 520 1032 llos
539 981 658 1035 succisus
676 988 769 1036 aratro
925 1001 961 1039 sss

90 1086 95 1092 ·
112 1055 277 1123 Languescit
294 1055 418 1119 moriens
436 1055 541 1109 lassove
559 1073 696 1124 papavera
713 1059 782 1112 eollo

112 1131 253 1185 Demisere
272 1135 361 1199 caput,
380 1131 472 1200 pluvia
490 1149 552 1184 cum
569 1133 641 1186 forte
658 1140 813 1201 gravantur.

39 1202 44 1212 '
113 1209 152 1260 At
170 1208 253 1261 Nisus
272 1208 328 1260 ruit
346 1207 374 1260 in
392 1208 505 1273 medios,
524 1208 665 1277 solumque
682 1227 733 1278 per
750 1214 838 1266 omnis

112 1282 286 1337 Volscentem
304 1284 390 1352 petit;
414 1289 441 1336 in
460 1283 517 1336 solo
538 1283 685 1338 Volscente
702 1292 831 1342 moratur.

112 1360 198 1423 Quem
223 1359 323 1412 circum
346 1361 491 1428 glomerati
515 1360 607 1414 hostes
630 1361 691 1415 hinc
708 1365 859 1420 comminus
877 1374 961 1436 atque

179 1435 242 1489 hinc
925 1457 961 1494 aro

112 1510 287 1565 Proturbant
326 1512 416 1566 Instat
433 1528 487 1564 uon
505 1511 598 1578 setius,
617 1529 648 1565 ac
666 1516 741 1567 rotat
757 1530 850 1569 ensem

111 1587 293 1655 Fulmineum,
311 1587 398 1640 donec
419 1587 513 1641 Rutuli
533 1587 677 1642 clamantis
694 1589 722 1642 in
740 1606 787 1643 ore

111 1662 243 1716 Condidit
260 1663 382 1730 adverso,
401 1667 430 1716 et
448 1663 566 1716 moriens
583 1664 701 1717 animam
720 1665 834 1720 abstulit
852 1668 932 1722 hosti.

111 1738 178 1792 Tum
198 1756 279 1808 super
297 1739 452 1792 exanimum
471 1755 531 1792 sese
548 1740 665 1806 proiecit
682 1741 799 1795 amicum

111 1814 264 1880 Confessus,
282 1814 444 1883 placidaque
461 1814 500 1866 ibi
519 1814 630 1866 demum
647 1820 736 1870 morte
754 1819 865 1886 quievit.
925 1835 962 1874 me

145 1890 289 1944 Fortunati
309 1889 403 1942 ambo!
427 1891 449 1940 si
468 1890 536 1957 quid
554 1906 614 1942 mea
632 1892 752 1944 carmina
769 1900 890 1964 possunt,

111 1965 194 2018 Nulla
213 1966 273 2018 dies
290 1981 421 2032 umquam
439 1965 554 2016 memori
572 1981 619 2016 vos
638 1965 741 2018 eximet
758 1984 832 2035 aevo,

68 2093 70 2096 ,
111 2041 183 2094 Dum
203 2041 300 2094 domus
320 2043 431 2092 Aeneae
450 2039 567 2106 Capitoli
586 2039 716 2094 inmobile
733 2057 829 2096 saxum

111 2117 233 2182 Accolet,
252 2116 442 2184 inperiumque
459 2120 540 2183 pater
559 2114 698 2167 Romanus
716 2115 836 2172 habebit.

145 2193 273 2247 Victores
290 2191 395 2261 praeda
414 2191 510 2244 Rutuli
529 2191 676 2258 spoliisque
693 2194 783 2260 potiti,
924 2213 962 2258 ⁴isc)

110 2270 285 2323 Volscentem
305 2268 459 2322 exanimum
478 2268 576 2320 flentes
595 2267 621 2318 in
641 2273 731 2321 castra
749 2269 884 2326 ferebant.

109 2347 169 2400 Nec
185 2347 274 2399 minor
291 2346 319 2398 in
338 2345 435 2398 castris
454 2345 544 2398 luctus
565 2344 719 2398 Rhamnete
737 2351 847 2414 reperto

109 2423 249 2491 Exsangui
268 2429 296 2477 et
314 2422 409 2491 primis
429 2439 482 2475 uua
500 2425 543 2474 tot
561 2420 645 2473 caede
663 2424 821 2491 peremptis,

108 2499 280 2568 Serranoque
299 2499 452 2566 Numaque.
490 2499 592 2564 Ingens
611 2513 756 2551 concursus
773 2501 808 2552 ad
827 2502 887 2570 ipsa

108 2575 230 2644 Corpora
248 2575 446 2642 seminecisque
464 2575 536 2627 viros
554 2573 703 2642 tepidaque
722 2586 859 2631 recentem
924 2595 960 2635 4⁵5

107 2651 201 2706 Caede
218 2652 307 2705 locum
325 2656 354 2704 et
371 2651 466 2718 plenos
484 2650 622 2718 spumanti
641 2657 770 2719 sanguine
788 2654 867 2708 rivos.

108 2728 291 2796 Adgnoscunt
309 2727 395 2796 spolia
412 2727 486 2780 inter
504 2743 534 2780 se
551 2726 713 2794 galeamque
731 2728 866 2783 nitentem

105 2804 228 2873 Messapi
246 2808 274 2857 et
292 2803 378 2857 multo
396 2803 521 2871 phaleras
539 2803 640 2856 sudore
658 2808 790 2872 receptas.

143 2880 251 2934 Etiam
269 2881 358 2950 prima
375 2896 443 2932 novo
461 2879 609 2948 spargebat
627 2879 730 2933 lumine
747 2885 837 2936 terras

104 2956 217 3011 'Pithoni
234 2973 359 3010 croceum
377 2955 502 3024 linquens
521 2957 630 3009 Aurora
647 2955 750 3012 cubile:
922 2976 958 3017 soc

105 3033 167 3087 Ianr
187 3033 243 3087 sole
260 3033 356 3100 infuso,
376 3034 429 3085 iam
447 3031 530 3086 rebus
548 3031 608 3086 luce
626 3035 746 3102 retectis,

104 3109 213 3164 Turnus
231 3110 259 3163 in
278 3109 453 3177 smarnos,
471 3109 555 3164 armis
573 3108 757 3164 circumdatus
775 3114 840 3182 ipse,

102 3185 234 3254 Suscitat,
253 3189 417 3258 aeratasque
434 3186 508 3240 acies
525 3186 553 3240 in
571 3185 676 3254 proelia
694 3188 767 3256 cogit
