2232 3556
429 135 506 186 AEN
509 137 614 186 EIDOS
632 137 700 186 LIB.
719 139 770 187 Xl.
970 141 1016 186 303

162 221 186 274 O
206 221 290 274 decus
312 218 408 273 ltaliae
428 216 513 283 virgo,
532 231 600 282 quas
619 214 710 270 dicere
727 220 827 283 grates

164 297 270 360 Quasve
287 294 392 347 referre
410 292 520 360 pareml
545 291 595 343 sed
612 308 692 357 nune,
710 295 753 346 est
771 293 862 346 omnia
878 290 989 361 quando

165 373 223 425 Iste
240 371 346 424 animus
364 383 454 436 supra,
473 385 579 420 mecum
599 368 702 436 partire
720 367 849 420 laborem.
982 381 1017 420 51⁰

166 451 281 513 Aeneas,
299 450 331 498 ut
348 445 420 497 fama
438 444 522 497 fidem
541 444 672 511 missique
690 447 833 511 reportant

166 523 367 591 Exploratores,
387 520 511 590 equitum
530 520 600 572 levia
618 519 748 588 inprobus
763 535 842 572 arma

166 598 319 663 Praemisit,
336 600 485 666 quaterent
502 612 628 664 campos;
647 597 705 663 ipsa
722 595 812 648 ardua
829 595 931 649 montis

167 676 219 728 Per
237 675 348 728 deserta
365 674 428 741 iugo
447 689 578 742 superans
594 672 726 724 adventat
744 670 780 724 ad
798 670 901 724 urbem.

167 753 252 804 llurta
269 767 335 819 paro
354 749 418 803 belli
435 765 556 802 convexo
574 749 602 800 iu
620 748 731 801 tramite
749 747 840 813 silrac,
982 763 1017 801 515

167 829 205 882 Ut
223 827 311 880 bivias
328 830 435 880 armato
454 824 578 878 obsidam
596 825 684 878 milite
702 824 804 878 fauces.

164 906 205 958 'lu
223 903 391 972 Tyrrhenum
409 902 531 970 equitem
547 901 655 954 collatis
674 901 768 968 excipe
785 899 884 968 signis;

165 982 263 1034 Tecum
281 996 345 1032 acer
363 979 506 1045 Messapus
522 977 585 1044 erit,
605 981 767 1046 turmaeque
786 975 909 1042 Latinae,

166 1057 326 1124 Tiburtique
345 1071 454 1118 manus;
474 1054 551 1106 ducis
569 1060 599 1106 et
616 1058 648 1106 tu
665 1053 776 1119 concipe
793 1067 894 1104 curam.

166 1133 210 1186 Sic
225 1133 273 1198 ait,
291 1136 321 1185 et
339 1131 451 1199 paribus
471 1131 628 1198 Messapum
646 1130 673 1181 in
692 1128 795 1198 proelia
814 1126 895 1180 dictis
983 1141 1020 1180 52⁰

168 1210 304 1262 Hortatur
322 1208 462 1275 sociosque
481 1205 572 1273 duces,
588 1210 619 1258 ct
636 1205 727 1273 pergit
744 1205 772 1256 in
790 1203 904 1256 hostem.

171 1286 218 1337 Est
235 1300 317 1337 curro
335 1283 460 1336 anfractu
478 1282 569 1348 valles,
587 1281 765 1334 adcommoda
781 1278 870 1332 fraudi

170 1364 370 1427 Armorumquo
388 1359 465 1424 dolis,
481 1375 565 1427 quam
583 1357 676 1410 densis
693 1355 835 1408 frondibus
852 1359 942 1410 atrum

169 1435 278 1502 Urguct
296 1435 435 1502 utrimque
452 1435 532 1501 latus,
549 1434 640 1487 tenuis
658 1449 712 1502 quo
730 1432 828 1486 semita
844 1432 921 1486 ducit

169 1514 366 1580 angustaeque
383 1511 477 1565 ferunt
494 1511 586 1563 fauces
604 1509 750 1578 aditusque
767 1509 885 1576 maligni.
982 1523 1020 1562 525

169 1589 249 1642 Hane
267 1605 350 1656 super
368 1588 395 1640 in
415 1587 531 1656 speculis
550 1602 710 1654 summoque
727 1584 755 1638 iu
773 1585 876 1638 vertice
894 1583 996 1637 montis

168 1665 299 1719 Planities
317 1665 411 1732 ignota
428 1663 506 1730 iacet,
525 1663 634 1730 tutique
653 1678 783 1728 recessus,

168 1742 224 1796 Seu
242 1741 342 1794 dextra
359 1739 491 1807 laevaque
510 1739 576 1792 velis
592 1754 737 1793 occurrere
754 1753 869 1806 pugnae,

168 1817 231 1873 Sive
249 1816 353 1869 instare
371 1815 442 1881 iugis
461 1817 491 1867 et
508 1813 624 1880 grandia
641 1813 749 1866 volvere
767 1829 838 1866 saxa

170 1892 233 1944 Huc
250 1891 355 1944 iuvenis
373 1893 439 1942 uota
456 1889 546 1942 fertur
564 1889 674 1955 regione
692 1888 803 1953 riarum,
983 1901 1020 1941 55⁰

173 1965 351 2033 Arripuitque
369 1964 458 2016 locum
477 1966 506 2014 et
524 1963 598 2014 silvis
616 1962 717 2014 insedit
734 1962 839 2029 iniquis.

204 2041 333 2093 Velocem
351 2039 458 2091 interea
476 2038 581 2105 superis
599 2038 627 2090 in
643 2037 757 2090 sedibus
773 2036 863 2105 Opim,

172 2115 259 2167 Unam
278 2129 313 2165 ex
331 2112 482 2180 virginibus
500 2112 579 2165 sociis
598 2129 728 2180 sacraque
743 2115 861 2178 caterva,

170 2189 360 2259 compellabat
377 2192 407 2242 et
424 2189 473 2242 lias
492 2188 581 2242 tristis
600 2189 716 2242 Latonia
734 2205 812 2242 voces

170 2267 225 2320 Ora
243 2265 341 2320 dabat:
360 2266 493 2320 (traditur
511 2264 612 2318 bellum
630 2265 667 2320 ad
682 2265 795 2319 crudele
814 2264 934 2333 Camilla,
985 2281 1020 2322 aaa

169 2343 193 2396 Ο
213 2344 297 2411 virgo,
316 2345 346 2397 ct
363 2342 464 2396 nostris
482 2343 648 2410 nequiquam
667 2342 785 2411 cingitur
802 2341 893 2408 armis,

169 2420 240 2473 Cara
257 2419 325 2472 mihi
342 2422 407 2474 aute
424 2419 499 2473 alias.
537 2419 635 2488 Neque
653 2419 725 2474 enim
743 2434 828 2471 novus
845 2417 898 2470 iste
917 2418 1020 2472 Diarrae

171 2495 256 2550 Venit
274 2512 357 2562 amor,
376 2495 523 2565 subitaque
541 2496 660 2550 animum
680 2495 824 2548 dulcedine
841 2495 935 2548 movit.

172 2572 268 2627 Pulsus
284 2571 321 2624 ob
339 2572 468 2625 invidiam
487 2588 571 2640 regno
588 2573 709 2642 virisque
726 2569 859 2640 superbas

172 2649 301 2702 Priverno
320 2648 433 2715 antiqua
452 2649 581 2702 Metabus
599 2666 660 2704 cum
679 2647 826 2702 excederet
842 2646 920 2714 urbe,
985 2661 1021 2700 540

171 2725 308 2778 Infantem
324 2722 432 2791 fugiens
450 2725 541 2778 media
558 2725 632 2778 inter
649 2724 753 2794 proelia
770 2722 835 2776 belli

171 2801 287 2854 Sustulit
305 2800 400 2854 exsilio
418 2801 554 2867 comitem,
572 2801 723 2870 matrisque
741 2800 847 2853 vocarit

170 2876 286 2930 Nomine
304 2876 457 2944 Casmillae,
473 2881 580 2930 mutatu
597 2881 684 2948 parte,
703 2875 852 2930 Camillam.

171 2953 234 3020 Ipso
252 2952 314 3006 sinu
330 2969 397 3021 prae
416 2969 445 3005 se
463 2957 575 3020 portans
592 2954 656 3019 iuga
672 2952 754 3020 longa
771 2951 884 3018 petebat

168 3029 294 3082 Selorum
312 3046 467 3094 nemorum3
484 3030 541 3083 tela
558 3029 680 3097 undique
698 3044 779 3082 saeva
798 3026 967 3097 premebant,
984 3041 1020 3080 545

170 3105 206 3160 Et
223 3106 384 3160 circumfuso
404 3107 553 3160 volitabant
570 3106 659 3160 milite
677 3105 777 3160 Volsci.

169 3182 246 3248 llere,
264 3183 345 3252 fugae
362 3184 461 3251 medio,
478 3185 592 3238 summis
611 3185 766 3238 Amasenus
783 3180 925 3236 abundans
