2242 3550
83 133 96 174 l}
323 126 351 174 Ρ,
372 126 524 174 VERGILI
542 126 708 176 MARONIS

80 208 122 261 M.
142 208 180 260 Co
181 208 239 275 gite
257 207 321 274 ovis,
340 207 434 274 pueri;
453 207 475 258 si
494 206 535 260 lac
553 207 726 276 praeceperit
745 214 845 276 aestus,

82 284 121 338 Ut
140 301 234 351 nuper,
252 283 356 336 frustra
374 283 559 351 pressabimus
578 283 664 338 ubera
683 285 786 352 palmis.

116 361 153 416 D.
163 360 234 426 Heu,
243 359 304 425 heu,
314 359 932 428 quampinguimacerestmihitaurusinervo!

83 439 163 492 Idem
180 453 256 490 amor
275 436 389 490 exitium
408 435 499 502 pecori
518 438 679 506 pecorisque
697 440 836 507 magistro.
899 456 934 496 101

81 515 123 570 M.
138 514 189 567 His
197 517 273 567 certe
283 531 374 582 neque
383 529 460 566 amor
469 529 564 566 caussa
574 517 631 578 cst;
641 515 686 566 vix
697 516 803 570 ossibus
812 516 935 570 haerent.

82 591 180 646 Nescio
199 591 259 658 quis
278 594 388 644 teneros
407 589 500 642 oculus
519 589 585 641 mihi
603 590 718 644 fascinat
738 608 834 660 agnos.

117 668 154 721 D.
171 667 372 736 Dic‚-quibusin
381 665 667 718 terris-eterismihi
678 681 793 734 magnus
802 669 937 738 Apollo—

82 744 142 797 'Iris
160 746 255 812 pateat
273 743 341 797 caeli
360 741 477 810 spatium
496 757 550 792 non
569 742 684 810 amplius
701 742 786 798 ulnas.
900 759 936 797 ros

81 820 123 874 M.
143 819 201 886 Dic,
221 819 321 887 quihus
339 819 367 870 in
386 817 469 888 terris
487 817 613 885 inscripti
631 818 741 870 nomina
759 836 855 886 regum

82 895 236 949 Nascantur
254 895 341 960 tiores,
360 898 390 946 et
410 893 533 960 Phyllida
550 893 623 946 solus
642 893 749 948 habeto

116 972 153 1026 P.
173 971 235 1024 Non
254 973 377 1023 nostrum
394 969 468 1022 inter
486 986 533 1022 vos
551 973 643 1023 tantas
662 987 814 1039 conponere
833 970 904 1026 lites.

83 1047 119 1100 Et
137 1047 223 1100 vitula
240 1050 271 1100 tu
290 1046 395 1113 diguus,
414 1049 444 1100 et
461 1045 513 1112 hic,
532 1049 560 1098 et
579 1047 702 1114 quisquis
720 1063 827 1102 amores

83 1126 142 1180 Aut
159 1127 266 1180 metuet
283 1122 377 1189 dulcis,
395 1126 443 1176 aut
461 1123 620 1190 experietur
638 1140 751 1177 amaros.
908 1138 940 1178 lm

83 1201 210 1254 Claudite
226 1201 280 1258 iam
298 1201 378 1266 rivos,
396 1199 489 1267 pueri:
508 1203 551 1254 sat
569 1205 650 1267 prata
667 1201 806 1257 bibeumt.

366 1421 391 1476 Ε
401 1419 424 1476 C
434 1421 459 1476 L
469 1421 495 1476 Ο
505 1421 532 1478 G
542 1423 573 1476 A
599 1421 656 1478 IV.

439 1549 578 1597 POLLIO.

84 1666 231 1720 Sicanium
249 1663 353 1732 Musae,
371 1663 453 1732 paulo
470 1663 573 1718 maiora
591 1666 732 1718 canamus!

85 1743 146 1798 Non
164 1740 251 1795 omnis
269 1742 380 1794 arbusta
398 1740 491 1792 iuvant
509 1739 681 1806 humilesque
700 1737 833 1806 myricam

85 1819 114 1872 Si
132 1818 252 1872 canimus
271 1816 359 1883 silvas,
379 1816 461 1868 silvae
480 1815 536 1868 sint
556 1814 672 1870 Consule
692 1814 797 1881 dignae.

120 1895 225 1948 Ultima
244 1893 352 1960 Cymaei
371 1892 518 1946 veniliam
537 1891 665 1944 carminis
682 1895 774 1953 aetas;

86 1972 201 2039 Magnus
219 1969 254 2022 ab
272 1969 380 2036 integro
398 1968 547 2022 saeclorum
566 1967 687 2020 nascitur
706 1967 780 2019 ordo.
928 1980 940 2019 s
964 1991 966 1994 ·

87 2048 147 2101 lam
165 2046 239 2102 redit
258 2047 287 2098 et
306 2045 399 2112 Virgo,
418 2043 537 2098 redeunt
555 2044 684 2100 Saturnia
701 2060 801 2111 regna3

88 2126 147 2177 Iam
165 2140 235 2177 nova
252 2122 398 2192 progenies
417 2121 491 2174 caelo
510 2121 667 2176 demittitur
686 2121 748 2174 alto.

87 2201 128 2256 'Iu
145 2200 225 2253 modo
243 2198 365 2271 nascenti
384 2214 476 2264 puero,
495 2213 549 2264 quo
567 2197 657 2248 ferrea
675 2197 793 2264 primurn

88 2277 201 2330 Desinet
219 2291 250 2327 ac
268 2278 326 2326 toto
345 2277 439 2339 surget
457 2289 525 2338 gens
544 2289 626 2324 aurea
644 2272 754 2335 mundo,

88 2353 170 2410 Casta
187 2352 247 2404 fave
267 2350 381 2402 Lucina:
400 2353 464 2402 tuus
482 2349 537 2401 iarn
555 2351 654 2414 regnat
674 2347 779 2415 Apollo.

88 2430 180 2497 'leque
198 2427 267 2480 adeo
286 2425 368 2480 decus
386 2424 436 2476 hoe
454 2423 521 2490 aeri,
539 2427 569 2476 te
589 2422 712 2489 Consule,
731 2421 818 2489 inibit,

89 2506 181 2572 Pollio,
200 2507 229 2558 ct
246 2502 375 2570 incipient
394 2501 486 2568 magni
504 2499 653 2568 procedere
672 2514 793 2563 menses;

88 2583 126 2635 Te
144 2581 220 2647 duce,
239 2580 261 2632 si
280 2595 334 2646 qua
351 2580 463 2630 manent
483 2576 591 2630 sceleris
611 2574 725 2641 vestigia
743 2573 836 2642 nostri,

90 2658 179 2712 Inrita
196 2659 330 2725 perpetua
347 2654 451 2706 solvent
471 2652 616 2706 formidine
635 2655 729 2704 terras.

90 2733 142 2788 Ille
160 2733 241 2786 deum
259 2731 343 2784 vitam
361 2731 475 2798 accipiet
494 2729 617 2797 dirisque
636 2728 740 2784 videbit
920 2737 944 2778 us

91 2809 244 2864 Permixtos
262 2810 357 2862 heroas
376 2811 404 2860 et
422 2808 480 2876 ipse
500 2806 638 2859 videbitur
658 2805 717 2871 illis,

92 2886 276 2953 Paestumque
293 2888 372 2952 reget
389 2884 486 2953 patriis
504 2882 652 2934 virtutibus
671 2881 770 2933 orbem.

92 2964 132 3018 At
149 2961 199 3016 tibi
217 2962 312 3030 prima,
329 2978 405 3030 puer,
423 2961 497 3014 nullo
516 2958 674 3011 munuscula
692 2956 767 3010 cultu

91 3039 214 3096 Errantis
232 3038 348 3093 hederas
366 3037 466 3106 passim
485 3052 547 3090 cum
565 3033 696 3088 bacchare
714 3030 795 3084 tellus

92 3116 234 3184 Mixtaque
251 3114 353 3170 ridenti
372 3114 502 3168 colocasia
520 3111 616 3166 fundet
634 3107 756 3162 acantho.
921 3116 944 3162 2⁰

93 3193 173 3266 Ipsae
191 3191 262 3251 lacte
280 3192 390 3248 doraum
409 3192 529 3246 referent
548 3187 669 3239 distenta
687 3181 806 3252 capellae
