2274 3554
109 153 155 204 144
342 152 372 200 Ρ.
384 151 544 200 ,ἿΕΙέθΠιΙ
560 151 729 200 MARONIS

107 229 195 296 Quam
213 229 307 298 procul
326 229 463 284 incautam
482 247 594 284 nemora
611 231 685 285 iuter
704 230 798 286 Cresia
815 232 878 288 sut

107 307 205 360 Pastor
222 324 305 374 agens
324 308 395 375 telis,
414 309 549 377 liquitque
566 308 676 362 volatile
694 308 797 362 ferrum

106 384 130 437 N
134 384 235 448 escius;
251 385 297 437 illa
315 385 380 452 iuga
398 385 478 438 silvas
498 385 637 453 saltusque
656 388 786 453 peragrat

106 459 247 525 Dictae0s;
265 461 361 514 haeret
379 461 460 514 lateri
478 461 568 514 letalis
586 461 698 514 arunde.

107 537 186 590 Nunc
203 537 294 590 media
313 541 425 591 Aenean
445 554 535 590 secum
554 554 604 606 per
623 539 730 590 moenia
748 539 830 607 ducit,

107 613 284 682 Sidoniasque
302 618 423 667 ostentat
441 630 506 681 opes
524 613 675 680 urbemque
692 618 833 682 paratam3
939 631 963 674 75

107 689 206 758 Incipit
224 691 307 758 effari,
325 690 470 757 mediaque
488 690 516 742 in
535 706 599 743 voce
617 691 735 756 resistit3

107 765 186 819 Nunc
204 767 300 820 eadem
318 766 427 819 labente
446 765 491 819 die
510 767 631 820 convivia
649 767 763 835 quaerit,

107 842 259 910 Iliacosque
276 843 376 896 iterum
396 843 508 896 demens
526 842 623 896 audire
641 843 748 897 labores

107 918 243 987 Exposuit,
261 919 419 988 pendetque
437 920 538 972 iterum
556 919 692 972 narrantis
709 919 745 973 ab
763 937 817 974 ore.

107 994 181 1060 Post,
198 995 246 1048 ubi
265 995 388 1063 digressi,
406 996 553 1064 lumenque
572 995 687 1049 obscura
704 997 822 1050 vicissim
939 1009 964 1050 se

108 1071 185 1124 Luna
202 1073 302 1140 premit
321 1072 492 1140 suadentque
511 1072 635 1126 cadentia
653 1073 744 1126 sidera
762 1081 878 1139 somnos,

108 1147 170 1202 Sola
188 1148 269 1202 domo
287 1152 393 1202 maeret
411 1165 504 1217 vacua,
523 1149 673 1218 stratisque
692 1149 793 1204 relictis

108 1223 231 1278 incubat.
268 1224 350 1278 illum
369 1225 468 1278 absens
486 1225 627 1279 absentem
647 1224 779 1294 auditque
797 1227 936 1294 videtque,

108 1302 167 1354 Aut
183 1301 287 1368 gremio
306 1302 463 1369 Ascanium,
481 1301 613 1368 genitoris
631 1301 750 1368 imagine
768 1305 855 1370 capta,

108 1375 231 1445 Detinet,
247 1377 389 1431 infandum
407 1378 430 1431 si
448 1377 543 1430 fallere
562 1376 649 1445 possit
669 1393 796 1430 amorem.
939 1391 963 1430 85

108 1452 170 1506 Nou
188 1457 301 1522 coeptae
320 1454 472 1520 adsurgunt
490 1456 588 1517 turres,
607 1469 661 1504 non
680 1469 756 1504 anna
773 1453 899 1506 iuventus

110 1529 235 1596 Exercet,
253 1533 387 1597 portusve
406 1531 454 1580 aut
472 1527 673 1595 propugnacula
691 1527 762 1581 bello

109 1605 179 1659 Tuta
196 1609 307 1674 paraut;
325 1604 447 1674 pendent
465 1619 548 1670 opera
566 1603 722 1670 interrupta
739 1604 886 1672 minaeque

109 1681 251 1735 Murorum
268 1682 392 1748 ingentes
411 1683 583 1746 aequataque
601 1679 726 1731 machine
745 1680 827 1732 caelo.

145 1758 231 1822 Quam
250 1757 329 1810 simul
347 1772 377 1810 ac
395 1754 444 1808 tali
461 1754 597 1822 persensit
615 1757 693 1820 peste
712 1755 800 1808 teneri
939 1769 965 1809 oo

110 1833 180 1888 Gara
199 1833 271 1886 iovis
289 1832 413 1896 coniunx,
431 1846 481 1884 nec
499 1829 599 1883 famam
618 1829 728 1883 obstare
746 1831 844 1902 furori,-

110 1908 218 1962 'Falibus
235 1907 396 1975 adgreditur
415 1906 551 1960 Venerem
570 1906 696 1960 Saturnia
714 1906 807 1960 dictis:

110 1984 254 2052 Egregium
272 2000 336 2038 vero
355 1983 464 2037 laudem
483 1987 512 2037 et
530 1983 618 2052 spolia
636 1983 726 2052 arupla
743 1983 853 2038 refertis

109 2060 204 2128 Tuque
221 2076 343 2129 puerque
361 2064 432 2124 tuus,
451 2076 578 2128 magnum
597 2063 625 2113 et
643 2059 820 2114 memorabile
837 2075 942 2129 nomen,

110 2135 172 2189 Una
190 2136 252 2190 dolo
270 2135 359 2190 divom
379 2137 401 2190 si
418 2137 519 2190 femina
536 2137 608 2190 victa
627 2137 742 2190 duomm
761 2140 813 2192 est.
940 2152 965 2192 as

110 2211 135 2265 N
138 2229 168 2266 ec
186 2229 230 2267 me
248 2213 316 2268 adeo
334 2214 404 2266 fallit
423 2213 537 2267 veritam
557 2216 586 2266 te
604 2215 710 2266 moenia
727 2218 822 2268 nostra

110 2288 256 2358 Suspectas
274 2289 402 2343 habuisse
421 2289 516 2343 domos
537 2289 716 2356 Karthaginis
734 2290 812 2344 altae.

110 2364 165 2419 Sed
183 2365 243 2434 quis
261 2366 315 2418 erit
333 2365 436 2430 modus,
455 2369 503 2418 aut
522 2382 576 2432 quo
594 2382 666 2418 nuuc
684 2367 832 2418 certamine
850 2369 948 2421 tante?

110 2441 180 2505 Quin
199 2441 290 2510 potius
308 2457 402 2509 pacem
421 2445 559 2495 aeternam
579 2445 728 2510 pactosque
746 2441 909 2509 hymenaeos

110 2517 295 2571 Exercemusi
315 2516 406 2582 habes,
425 2520 485 2570 tota
503 2517 576 2586 quod
594 2521 686 2571 mente
704 2518 809 2586 petisti:
931 2535 967 2573 ro.»

111 2594 203 2647 Ardet
220 2609 313 2646 amans
333 2591 404 2646 Dido
422 2593 563 2661 traxitque
581 2610 631 2661 per
649 2610 711 2646 ossa
728 2593 855 2649 furorem.

111 2669 287 2724 Communem
305 2669 376 2722 huuc
394 2686 459 2736 ergo
478 2669 607 2738 populum
625 2670 794 2738 paribusque
813 2687 940 2739 regamus

111 2746 261 2815 Auspiciis;
278 2745 358 2799 liceat
379 2745 494 2814 Phrygio
513 2746 614 2799 servire
632 2746 739 2813 marite,

110 2821 272 2890 Dotalisque
290 2825 354 2875 tuae
374 2822 467 2890 Tyrios
486 2822 649 2890 permittere
668 2823 790 2877 dextrae.

145 2897 320 2954 Olli—sensit
338 2899 409 2952 eninr
428 2899 555 2952 simulata
573 2901 666 2952 mente
683 2899 808 2969 locutam,
931 2911 966 2954 ιω

112 2976 171 3040 Quo
188 2992 303 3044 regnum
323 2975 420 3032 Italiae
439 2975 551 3043 Libycas
569 2979 708 3030 averteret
725 2992 822 3030 oras-

111 3050 155 3104 Sic
172 3056 267 3106 contra
284 3056 326 3106 est
343 3052 466 3120 ingressa
484 3053 590 3106 Venus:
610 3051 675 3116 Quis
693 3051 760 3106 talia
777 3053 890 3108 demens

120 3126 146 3144 ¹¹
160 3131 231 3194 mat,
249 3132 298 3182 aut
315 3131 406 3182 tecum
424 3129 502 3183 malit
519 3129 686 3184 contendere
703 3129 783 3197 bello,

212 3203 246 3270 10,
265 3203 339 3274 quod
357 3221 497 3273 memoras,
515 3205 618 3261 factum
636 3205 746 3261 fortuna
763 3207 913 3276 sequetur?
