2232 3556
116 141 162 196 30¹2
345 151 373 198 P.
395 150 547 198 VERGILI
566 149 733 199 MARONIS

119 227 197 282 llicet
213 229 240 281 iu
259 245 350 283 marrus
368 233 430 284 tota
447 230 611 283 discurritur
628 231 704 284 urbe.

116 305 265 358 Concilium
283 307 341 374 ipse
359 309 439 375 pater
456 309 485 360 et
503 323 602 373 magua
619 307 729 375 incepta
747 308 861 363 latinus

116 379 225 435 Deserit
243 398 274 436 ae
291 383 364 435 tristi
383 382 510 435 turbatus
527 385 652 450 ternpore
669 383 769 449 differt,
929 397 966 438 tre

116 459 259 528 Multaque
278 476 307 513 se
324 460 436 523 incusat,
455 462 573 528 quinon
592 461 727 529 acceperit
745 461 819 514 ultro

116 535 284 589 Dardanium
303 537 424 604 Aenean,
442 553 628 605 generumque
646 537 794 590 adsciverit
810 536 880 590 urbi.

118 612 294 666 Praefodiunt
312 613 356 666 alii
374 617 475 681 portas,
494 619 542 667 aut
561 630 627 666 saxa
644 613 780 682 sudesque

116 689 292 743 Subvectant
330 689 407 743 Bello
426 689 475 742 dat
493 690 600 758 signum
619 707 701 743 rauca
718 693 860 743 cruentum

118 765 226 820 bucina
262 767 330 819 rum
349 783 440 819 muros
457 767 532 819 varra
549 766 658 819 cinxere
676 781 775 819 corona
931 780 965 818 ιιι

116 841 259 896 Matronae
276 845 423 912 puerique3
440 847 519 896 vocat
536 842 613 895 labor
630 841 743 895 ultimus
761 842 853 894 omnis

116 918 244 973 Necnon
263 918 299 972 ad
317 920 451 988 templum
470 935 643 986 summasque
661 918 698 970 ad
717 918 836 970 Palladis
853 933 930 970 arces

117 994 282 1049 Subvelritur
299 1012 397 1063 magna
414 1000 533 1048 matrum
551 995 646 1062 regina
663 997 780 1059 caterva,

117 1070 195 1124 Dona
211 1072 308 1138 ferens,
326 1071 457 1141 iuxtaque
474 1088 564 1124 eomes
583 1071 695 1124 Lavinia
712 1071 795 1137 virgo,

118 1146 219 1202 Caussa
236 1149 300 1202 mali
318 1150 396 1214 tanti,
415 1148 505 1201 oculos
524 1147 631 1200 deiecta
649 1146 771 1200 decoros.
928 1159 967 1198 sse

117 1222 271 1278 Succedunt
288 1229 397 1290 matres,
415 1229 444 1278 et
461 1224 594 1292 templum
612 1227 675 1276 ture
693 1227 832 1291 vaporant,

118 1298 154 1352 Et
143 1303 258 1355 ttmaes
259 1319 289 1355 as
246 1301 362 1355 talto
334 1300 496 1359 tfundunt
514 1299 549 1352 de
567 1299 660 1352 limine
678 1315 769 1352 voees:

119 1376 302 1446 Armipotens,
318 1393 428 1445 praeses
446 1376 517 1442 belli,
535 1375 595 1428 Trit
583 1375 656 1428 tonia
674 1375 757 1442 singu,

119 1452 225 1521 Frange
242 1457 354 1506 manut
342 1453 427 1506 telum
447 1452 557 1520 Phrygii
576 1451 729 1518 praedonis,
747 1456 776 1503 et
794 1450 882 1519 ipsum

119 1527 236 1582 Pronum
255 1533 347 1582 sterne
365 1529 428 1596 solo,
446 1528 589 1596 portisque
607 1527 716 1580 effunde
735 1526 786 1580 sub
804 1526 874 1579 altis
930 1541 967 1580 sse

119 1603 209 1672 (lingit
198 1608 243 1658 tur
259 1605 317 1672 ipsc
333 1604 427 1656 furens
444 1603 570 1656 certatim
588 1604 616 1655 in
633 1603 737 1672 proelia
754 1603 866 1654 Turnus

120 1680 233 1748 lamque
251 1680 319 1733 adeo
340 1679 396 1732 Rut
397 1679 472 1732 ulum
491 1679 604 1732 thoraca
622 1679 735 1732 indutus
752 1677 827 1731 aenis

120 1756 257 1810 Horrebat
245 1755 402 1824 tsquami's,
421 1772 552 1823 surasque
572 1755 718 1808 incluserat
706 1759 808 1829 tauro,

119 1833 251 1901 lempora
267 1831 357 1885 nudus
375 1831 471 1897 adhue,
491 1832 529 1884 lat
518 1832 626 1899 torique
646 1817 801 1884 accinxerat
818 1847 918 1896 ensem,

120 1908 306 1977 Fulgebatque
323 1907 380 1961 alta
398 1906 544 1960 decurrens
563 1923 661 1960 aureus
680 1923 748 1973 arce,
928 1919 967 1958 rec

120 1985 298 2054 Exsultatque
315 1983 419 2050 animis,
437 1987 466 2036 et
483 2001 530 2051 spe
548 1984 602 2036 iam
619 1983 753 2051 praecipit
771 1982 889 2036 hostem:

119 2061 212 2122 Qualis
229 2060 275 2113 ubi
294 2059 417 2128 abruptis
436 2059 507 2127 sugit
526 2060 669 2128 praesepia
689 2059 782 2112 vinclis

118 2136 238 2190 Tarrdem
256 2135 326 2189 liber
343 2152 437 2204 equus,
455 2151 604 2203 campoque
622 2135 726 2203 potitus
744 2138 839 2203 aperto

123 2217 177 2268 Aut
195 2213 240 2266 ille
257 2213 285 2265 in
303 2219 398 2281 pastus
416 2215 595 2279 armentaque
613 2212 705 2265 tendit
723 2227 861 2279 equarum,

121 2293 178 2344 Αιιι
195 2290 326 2343 adsuetus
344 2305 431 2358 aquae
448 2288 576 2356 perfundi
594 2288 705 2341 flumine
722 2292 788 2340 noto
931 2299 968 2338 res

121 2368 230 2433 Flmieat,
247 2365 415 2432 arrectisque
432 2363 526 2418 fremit
544 2363 695 2417 ceruicibus
709 2364 764 2416 alte

122 2443 278 2505 luxurians,
295 2440 449 2507 luduntque
467 2440 547 2493 iubae
565 2457 615 2508 per
633 2439 707 2504 eolla
724 2455 774 2507 per
793 2454 887 2490 armos

119 2518 206 2571 Obvia
223 2516 273 2582 eui,
291 2515 452 2568 Volscorum
470 2516 527 2569 acie
544 2517 699 2581 eomitante,
715 2515 829 2568 Camilla

119 2593 252 2660 Occurrit,
269 2592 410 2661 portisque
427 2591 462 2644 ab
481 2609 551 2660 equo
569 2592 664 2658 regina
682 2590 732 2644 sub
751 2590 818 2659 ipsis

120 2670 244 2737 Desiluit,
263 2686 344 2738 quam
363 2673 423 2722 tota
440 2669 536 2722 cohors
554 2669 661 2721 imitata
679 2668 779 2720 relictis
932 2681 969 2718 too

120 2746 167 2799 Ad
184 2750 288 2799 terram
307 2745 423 2798 defluxit
441 2745 534 2812 equis;
553 2748 612 2797 tum
630 2744 697 2797 talia
715 2743 801 2796 fatur:

119 2821 215 2887 Turne,
234 2822 275 2875 sui
293 2821 392 2874 merite
411 2821 433 2873 si
452 2837 506 2888 qua
524 2824 567 2872 est
585 2819 684 2873 fiducia
701 2819 773 2884 forti,

121 2897 219 2954 Audeo
237 2901 266 2951 et
286 2897 447 2950 Aeneadum
465 2897 596 2964 promitto
615 2911 757 2949 occurrere
775 2898 883 2948 turmae

119 2969 235 3040 Solaque
253 2973 405 3041 Tyrrhenos
423 2971 530 3039 equites
548 2973 589 3024 irc
607 2971 686 3024 obvia
703 2974 805 3024 contra.

119 3048 165 3101 Mc
183 3049 241 3101 sine
257 3049 346 3116 prima
363 3065 444 3100 manu
462 3050 599 3114 temptare
616 3047 736 3115 pericula
754 3046 834 3100 belli:
933 3060 970 3098 tur

118 3121 159 3175 'lu
176 3123 263 3191 pedes
279 3123 316 3177 ad
333 3139 424 3176 mures
442 3123 567 3189 subsiste,
586 3125 615 3175 et
632 3123 738 3175 moenia
756 3139 840 3175 serva.

119 3195 225 3250 'lurnus
242 3199 279 3252 ad
295 3199 369 3264 haee,
388 3199 478 3252 oeulos
495 3198 630 3251 horrenda
648 3198 675 3250 in
695 3198 799 3263 virgine
818 3198 901 3251 linus:
