2242 3550
379 149 569 199 BUCOLICA.
594 147 668 196 ucL.
682 147 747 196 VII.
959 144 989 192 le

137 231 201 284 Huc
218 228 292 298 ades,
310 245 327 284 e
345 230 495 284 Meliboee!
515 245 596 297 caper
614 227 664 282 tibi
683 228 773 282 salvus
791 229 821 280 et
838 223 935 290 haedi;

137 307 180 374 Mt,
199 307 222 360 si
241 307 308 374 quid
327 325 434 361 cessare
453 309 537 376 potes,
556 306 698 375 requiesce
716 304 767 358 sub
785 303 889 357 umbra.
968 313 992 354 lo

137 386 201 438 Huo
219 385 270 452 ipsi
288 390 383 452 potum
402 385 511 438 venient
529 401 579 454 per
596 387 676 453 prata
693 382 815 446 iuvenci3

137 462 192 515 Hic
210 460 305 514 viridis
323 465 418 515 tenera
435 463 573 531 praetexit
591 462 724 515 arundine
742 461 814 528 ripas

137 538 261 601 Mincius,
281 555 352 607 eque
370 555 447 592 saera
464 544 593 592 resonant
612 538 736 591 examina
754 552 863 605 quercu.

137 614 212 680 Quid
230 615 346 668 facerem
356 617 365 668 l
384 632 472 683 neque
491 631 542 682 ego
563 615 705 683 Alcippen,
724 630 812 682 neque
832 610 957 680 Phyllida

206 689 351 758 habebam,

140 767 275 835 llepulsos
293 785 309 820 a
326 767 397 820 lacte
416 767 489 820 domi
508 783 578 834 quae
597 765 738 819 clauderet
756 781 855 833 agnos3
968 777 992 815 rs

139 843 174 896 llt
192 849 331 897 certamen
349 846 417 909 erat,
437 842 562 911 Corydon
580 858 641 895 oum
660 842 800 910 Thyrside,
816 856 953 909 magnum.

139 918 289 972 Posthahui
307 923 399 972 tumen
417 919 524 972 illorum
542 935 604 972 mea
621 919 693 972 soria
711 919 782 973 ludo.

142 995 263 1048 Alternis
282 995 367 1062 igitur
384 996 550 1048 contendere
570 995 693 1048 versibus
711 995 790 1048 amho

139 1071 278 1139 Coepere;
296 1071 415 1126 alternos
434 1071 529 1124 Musae
548 1072 701 1124 meminisse
720 1071 853 1124 volebant.

143 1148 200 1199 llos
219 1147 352 1216 Corydon,
372 1147 430 1200 illos
449 1147 588 1200 referebat
607 1148 634 1199 in
653 1147 749 1200 ordine
768 1146 884 1214 Thyrsis.
967 1161 991 1200 ao

176 1222 203 1276 C.
238 1224 387 1292 Nymphae,
406 1229 500 1278 noster
517 1240 600 1288 amor,
622 1223 800 1287 Libethrides,
818 1227 866 1276 aut
883 1223 949 1276 mihi

209 1317 327 1368 casinen,

151 1377 227 1441 Quale
245 1395 304 1431 meo
324 1378 420 1443 Codro,
440 1378 598 1440 coneedite3
617 1377 740 1444 proxima
759 1376 861 1430 Phoebi

146 1453 273 1506 Versibus
291 1455 337 1508 ille
355 1455 436 1519 sucit;
455 1461 510 1518 aut,
529 1454 550 1506 si
570 1470 621 1506 non
641 1470 784 1520 possumus
802 1470 903 1520 omnes,

144 1531 196 1582 Hic
213 1535 311 1597 arguta
329 1547 404 1584 sacru
422 1530 554 1599 pendebit
572 1529 664 1582 fistula
681 1530 753 1598 pinu.

146 1606 173 1660 T.
194 1605 327 1672 Pastorcs,
346 1606 448 1659 hedera
466 1611 621 1659 nascentem
639 1610 734 1659 ornate
752 1611 869 1675 poetam,
966 1622 990 1660 2⁶

145 1682 274 1749 Arcades,
293 1681 395 1735 invidia
413 1685 575 1750 rumpantur
592 1687 623 1735 ut
641 1681 688 1734 ilia
706 1683 813 1748 Codro;

144 1761 207 1822 Aut,
226 1759 248 1810 si
268 1759 339 1811 ultra
358 1759 487 1828 placitum
507 1757 633 1823 laudarit,
652 1757 785 1812 baceharo
802 1761 921 1814 frontem

142 1834 258 1901 Cingite,
277 1853 311 1888 ne
330 1836 383 1890 vati
403 1841 499 1889 uoeeat
517 1835 587 1888 uiola
605 1835 697 1904 lingua
714 1835 813 1891 loturo.

177 1909 204 1964 C.
224 1911 327 1965 Saetosi
345 1915 427 1980 eaput
445 1912 494 1964 heo
512 1912 570 1978 apri
589 1911 648 1977 tibi,
667 1913 752 1978 Delia,
771 1929 871 1981 parvus

146 1989 178 2040 :lt
196 2004 302 2040 ramosa
320 1989 409 2042 Micon
428 1989 526 2041 vivacis
543 2005 643 2040 cornua
661 1991 739 2043 corvi.
965 2005 989 2043 ao

142 2065 169 2120 o'i
187 2065 325 2132 proprium
344 2065 394 2118 hoc
410 2065 500 2130 fuerit,
518 2065 570 2117 levi
589 2064 624 2116 de
642 2081 775 2118 rnnrnrore
794 2070 853 2120 tota

144 2141 259 2193 l'uniceo
277 2140 362 2192 stabis
381 2157 457 2192 suras
475 2140 580 2192 evincta
599 2139 736 2194 cothurno.

146 2215 174 2270 T.
194 2215 287 2270 Sinum
305 2217 384 2270 lactis
401 2221 430 2271 et
447 2217 514 2270 haec
531 2220 560 2270 to
578 2215 641 2280 liba,
662 2214 768 2284 Priape,
786 2218 948 2284 quotannis

142 2294 309 2361 Exspectare
327 2296 370 2346 sat
387 2297 445 2347 est:
464 2297 554 2347 eustos
572 2309 602 2345 es
619 2293 746 2360 pauperis
765 2293 845 2348 horti.

141 2371 221 2423 Nunc
238 2373 267 2422 te
285 2385 466 2423 marmoreum
484 2387 533 2438 pro
550 2374 674 2436 tempore
692 2368 821 2435 fecimus;
839 2374 869 2424 at
887 2374 925 2437 tu,
966 2386 991 2424 aa

141 2446 170 2499 Si
188 2445 277 2498 fetura
295 2462 407 2514 gregem
426 2447 598 2514 suppleverit,
618 2463 716 2499 aureus
734 2451 800 2500 esto.

177 2521 206 2576 C.
225 2523 326 2576 Nerine
345 2522 465 2584 Galatea,
482 2523 574 2590 thymo
593 2523 657 2574 mihi
676 2523 780 2576 dulcior
799 2523 914 2592 Hyblae,

142 2599 291 2652 Candidior
308 2600 405 2668 cycnis,
423 2600 526 2654 hedera
543 2601 685 2654 formosior
703 2600 771 2666 alba,

142 2678 210 2729 Cum
229 2677 347 2744 primum
364 2677 436 2746 pasti
454 2681 580 2745 repetent
598 2677 740 2746 praesepia
757 2679 836 2744 tauri,

142 2753 169 2803 Si
189 2769 244 2820 qua
261 2753 302 2805 tui
322 2753 470 2820 Corydonis
488 2754 572 2806 hahet
591 2757 619 2807 to
637 2771 708 2820 eura,
729 2755 827 2808 venite.
967 2769 992 2806 eo

146 2827 174 2879 Τ.
195 2829 283 2881 Immo
302 2845 353 2897 ego
373 2829 512 2884 Sardoniis
531 2831 625 2884 videar
643 2830 692 2884 tibi
711 2833 827 2883 amarior
846 2831 945 2897 herbis,

146 2905 289 2958 llorridior
307 2923 394 2974 rusco,
412 2908 533 2975 proiecta
550 2908 628 2960 vilior
644 2908 712 2974 alga,

141 2981 170 3034 Si
189 2982 253 3034 mihi
272 3000 326 3036 non
344 2983 411 3037 haec
428 2984 474 3036 lux
493 2989 551 3038 toto
569 2985 622 3036 iam
641 2984 745 3050 longior
762 2999 832 3036 anno
850 2985 900 3036 est.

143 3058 188 3112 [te
205 3057 316 3113 domum
334 3061 413 3128 pasti,
433 3061 455 3113 si
474 3061 535 3128 quis
553 3061 648 3128 pudor,
666 3060 705 3114 ito
721 3059 834 3112 iuvenci.

178 3133 206 3187 C.
225 3133 343 3189 Muscosi
362 3137 451 3190 fontes
468 3143 497 3190 ot
515 3153 609 3190 sonmo
627 3136 733 3189 mollior
751 3135 843 3202 herba,
969 3151 992 3189 ar

142 3211 180 3267 Et
199 3227 269 3281 qnae
287 3230 335 3268 vos
352 3231 416 3269 rara
434 3214 529 3268 viridis
547 3214 618 3282 tegit
636 3213 751 3267 arbutus
769 3214 872 3280 umbra,
