2274 3554
137 161 166 205 96
365 159 394 204 l'.
418 157 570 204 vulsella
594 153 761 204 Mauortis

136 237 277 306 Aetheria,
296 255 385 307 neque
403 238 493 292 adhue
511 237 667 301 crudelibus
685 235 800 290 occubat
816 238 930 308 umbris,

137 314 198 368 Nou
216 319 321 380 metum
341 315 428 369 officio
446 333 495 369 nee
514 319 542 368 te
562 320 681 368 certasse
700 315 820 382 priorem

126 392 289 446 ,Poeniteat
326 393 396 446 Sunt
415 397 443 446 et
463 393 558 446 Siculis
578 391 735 458 regionibus
753 391 835 445 urbes

137 470 274 537 Arvaque,
294 469 465 539 Troianoque
485 488 501 523 a
520 471 649 537 sanguine
669 469 757 521 clarus
777 471 903 523 Acestes
955 485 991 522 eeu

137 545 298 610 Quassatam
317 547 405 600 ventis
424 548 505 600 liceat
525 547 677 600 subducere
695 546 816 613 classem,

137 627 173 680 Et
191 627 264 679 silvis
283 630 378 694 aptare
398 625 491 677 trabes
509 629 538 678 et
557 625 692 690 stringere
711 640 808 691 remos,

137 703 164 756 Si
183 703 265 756 datur
284 702 401 768 Italiam,
422 702 501 755 sociis
519 707 548 755 et
567 720 632 769 rege
651 705 769 769 recepte,

136 779 267 845 Tendere,
287 783 318 832 ut
338 779 448 832 Italiam
467 779 532 832 laeti
553 779 718 848 Latiumque
735 782 869 847 petamus,

136 856 183 909 Sin
195 855 340 924 absumpta
353 856 432 924 salus,
445 860 474 910 et
485 859 521 924 te,
533 861 613 925 pater
625 860 737 925 optume
750 855 891 920 Teucrum,
955 865 991 905 tac

137 932 240 985 Pontus
258 931 343 987 habet
362 933 472 1002 Libyae,
490 950 541 987 nee
559 950 622 1002 spes
640 933 693 984 iam
711 934 799 985 restat
818 928 881 997 Iuli,

137 1010 178 1062 At
195 1009 268 1062 freta
287 1009 410 1064 Sicaniae
428 1011 525 1065 saltem
545 1009 680 1077 sedesque
698 1011 816 1079 paratas,

136 1085 217 1139 Unde
236 1085 288 1140 bue
306 1087 422 1156 advecti,
441 1103 589 1156 regemque
608 1091 733 1154 petamus
752 1085 880 1138 Acesten.

136 1162 246 1216 'l'alibus
267 1163 400 1230 Ilioneus3
418 1164 508 1218 cuncti
527 1163 607 1216 simul
625 1179 673 1216 ore
690 1158 845 1214 fremebant

137 1238 317 1294 Dardanidae.
956 1247 992 1287 eea

171 1315 239 1368 Tum
258 1315 380 1370 breviter
399 1316 479 1382 Dido,
497 1315 601 1368 voltum
620 1315 745 1380 demissa,
764 1312 903 1382 profatur:

136 1391 239 1444 Solvite
258 1392 342 1444 corde
360 1395 472 1456 metum,
492 1391 597 1456 Teucri,
616 1390 749 1443 secludite
767 1405 856 1443 curas.

137 1468 193 1520 Res
212 1467 282 1520 dura
300 1471 329 1520 et
348 1467 425 1533 regni
444 1466 550 1518 novitas
569 1482 613 1516 me
631 1465 697 1518 talia
715 1462 816 1530 cogunt

137 1544 235 1610 Moliri,
254 1547 283 1596 et
301 1543 356 1596 late
375 1542 435 1595 finis
454 1541 567 1594 custode
585 1540 664 1618 tueri:

137 1621 203 1685 Quis
215 1636 300 1687 genus
315 1617 484 1684 Aeneadum,
498 1617 559 1684 quis
572 1617 668 1669 Troiae
681 1616 785 1668 nesciat
796 1615 902 1684 urbem,
954 1628 991 1670 ees

138 1697 317 1764 virtutesque
336 1695 470 1762 virosque,
489 1697 537 1746 aut
556 1693 627 1745 tanti
645 1691 772 1745 incendia
789 1691 871 1744 bellil

137 1774 198 1827 Non
217 1772 334 1826 obtunsa
352 1771 420 1824 adeo
438 1773 578 1836 gestamus
596 1773 707 1836 pectora
727 1767 817 1833 Poeni,

137 1849 194 1903 Nec
212 1853 269 1903 tam
288 1865 399 1901 aversus
418 1863 502 1916 equos
522 1845 601 1914 Tyria
620 1845 666 1898 Sol
685 1844 773 1911 iungit
792 1842 826 1895 ab
845 1840 920 1895 urbe.

137 1926 191 1982 Seu
208 1942 256 1978 vos
275 1925 437 1992 Hesperiam
456 1939 582 1990 magnam
602 1921 784 1988 Saturniaque
803 1934 875 1985 arva,

137 2003 199 2056 Sive
218 2002 311 2070 Erycis
329 2001 391 2054 finis
409 2017 558 2068 regemque
578 1999 680 2068 optatis
700 2000 828 2064 Acesten,
954 2009 992 2050 me

138 2075 249 2132 Auxilio
268 2082 342 2132 tutos
361 2078 506 2144 dimittam,
526 2076 679 2146 opibusque
698 2075 802 2128 iuvabo.

137 2155 227 2209 Voltis
245 2159 274 2209 et
292 2155 335 2208 his
353 2172 459 2208 mecum
477 2155 582 2222 pariter
601 2153 742 2207 considere
760 2153 869 2218 regnis?

138 2232 242 2286 Urbem
261 2250 343 2300 quum
362 2237 460 2296 statuo,
479 2235 571 2285 vestra
590 2235 647 2296 est;
669 2227 813 2282 subducite
831 2229 921 2294 navim

138 2309 205 2362 'fros
223 2309 374 2377 Tyriusque
392 2309 458 2360 mihi
476 2309 550 2361 nullo
570 2307 724 2361 discrimine
743 2309 846 2372 agetur.

138 2388 234 2453 Atque
252 2385 357 2438 utinam
375 2402 424 2438 rex
443 2386 501 2452 ipse
521 2385 546 2437 N
548 2389 594 2437 oto
613 2382 767 2450 compulsus
785 2381 881 2434 codem
955 2392 993 2434 stt

138 2462 258 2515 Adsoret
277 2460 399 2514 Aeneas!
425 2461 559 2528 Equidem
578 2477 629 2528 per
647 2459 729 2512 litora
746 2460 837 2512 certos

138 2538 283 2591 Dimittam
302 2541 330 2590 et
350 2537 451 2604 Libyae
470 2537 588 2590 lustrare
607 2539 732 2588 extrema
750 2532 857 2600 iubebo,

138 2614 166 2668 Si
184 2615 282 2683 quibus
302 2615 405 2668 eiectus
424 2614 497 2666 silvis
517 2617 565 2666 aut
583 2612 698 2665 urbibus
717 2614 797 2664 errat.

173 2691 225 2744 llis
243 2692 363 2744 animum
381 2691 481 2744 arrecti
501 2691 580 2743 dictis
601 2693 629 2742 et
646 2688 725 2741 fortis
745 2687 866 2740 Achates

137 2768 174 2822 Et
192 2772 271 2836 pater
292 2771 399 2822 Aeneas
418 2767 578 2822 iamdudum
597 2781 740 2833 erumpere
760 2763 859 2816 nubem
956 2775 993 2816 teo

138 2844 291 2900 Ardebant.
331 2845 408 2900 Pn'or
428 2847 541 2900 Aenean
560 2843 706 2912 compellat
726 2840 861 2894 Achates:

136 2921 210 2976 Nate
229 2923 288 2990 dea,
308 2939 378 2990 quae
395 2938 465 2974 nunc
484 2922 573 2973 animo
592 2917 728 2974 sententia
747 2915 850 2983 surgit?

137 2997 236 3052 Omnia
254 3003 315 3052 tuta
333 2998 416 3064 vides,
435 2998 548 3050 classem
567 2997 708 3064 sociosque
727 2995 860 3060 receptes.

137 3074 215 3127 Unus
234 3073 319 3141 abest,
339 3074 430 3127 medio
449 3073 477 3126 iu
495 3074 580 3126 iiuctu
599 3089 680 3139 quem
700 3069 816 3122 vidimus
835 3065 887 3134 ipsi

136 3149 331 3216 Submersum;
352 3150 434 3206 dietis
452 3150 620 3220 respondent
638 3152 731 3202 cetera
748 3143 851 3198 matris.
955 3153 992 3194 aee

139 3223 193 3278 Vix
211 3241 244 3280 ea
260 3226 333 3284 fatus
351 3231 419 3292 erat,
437 3243 499 3282 eum
516 3223 680 3281 circumfusa
696 3223 811 3290 repente
