2242 3550
100 143 114 187 4
328 141 356 187 P.
379 135 530 186 VERGILI
549 135 718 186 MARONIS

98 217 121 270 O
140 219 258 272 formose
275 237 351 287 pum,
371 220 483 271 nimium
506 235 541 270 ne
559 217 642 271 crede
660 217 759 272 colori!

98 295 172 348 Alba
189 295 305 363 ligustra
323 295 431 364 cadunt,
449 294 569 348 vaccinia
586 295 665 362 nigra
682 294 820 362 leguntur,

98 371 250 440 Despectus
269 373 320 426 tibi
339 390 406 436 smn,
424 389 481 437 nec,
501 370 548 440 qui
567 371 625 433 sim,
644 371 760 438 quaeris,
782 371 873 434 Alexi,

98 449 185 512 Quam
204 449 281 502 dives
298 449 410 517 pecoris,
430 448 501 502 nivei
520 464 602 515 quam
621 447 699 499 lactis
717 447 879 514 abundans;
932 463 957 502 ao

97 524 174 578 Mille
193 542 270 578 meae
289 526 386 578 Siculis
405 529 498 578 errant
516 524 544 576 in
563 519 704 576 montibus
722 541 828 591 agnae;

98 601 152 654 Lac
169 602 236 654 mihi
255 619 307 654 non
326 606 432 655 aestate
451 617 558 664 novum,
576 616 630 652 non
650 600 751 666 frigore
770 600 845 653 defit.

97 678 190 744 Canto,
209 685 279 746 qnae
298 678 402 744 solitus,
421 678 443 730 si
462 676 571 744 quando
590 679 714 728 armenta
733 675 856 741 vocabat,

98 755 235 822 Amphion
255 754 387 807 Dircaeus
405 754 432 806 in
452 754 557 806 Actaeo
577 751 740 818 Aracyntho.

97 829 154 882 Nec
173 847 232 883 surn
251 830 320 883 adeo
338 829 477 882 informis:
496 845 584 896 nuper
602 844 646 880 me
664 827 692 879 in
711 827 791 880 litore
810 828 875 891 vidi,
933 844 956 883 aa

96 906 164 959 Cum
182 907 318 974 placidum
338 906 427 959 ventis
445 908 532 972 staret
550 921 643 969 mare3
662 919 715 955 non
734 920 784 970 ego
804 903 944 972 Daphnim

97 982 192 1035 Iudice
210 985 239 1035 te
257 986 384 1048 metuam,
403 982 425 1034 si
443 998 593 1050 numquam
611 980 682 1034 fallit
700 979 798 1047 imago.

96 1057 119 1110 Ο
138 1062 246 1112 tantum
264 1059 349 1112 libeat
367 1076 473 1112 meeum
491 1057 543 1112 tibi
564 1057 676 1111 sordida
694 1074 759 1110 rura

96 1136 192 1204 Atque
210 1135 318 1189 humilis
336 1136 461 1190 habitare
479 1152 562 1205 casas,
582 1139 611 1188 et
629 1135 714 1202 figere
733 1152 834 1203 cervos,

97 1212 311 1281 Haedorumque
329 1231 440 1280 gregem
458 1213 538 1266 viridi
557 1212 721 1280 compellere
740 1210 862 1265 hibisco!
930 1225 957 1265 eo

96 1289 202 1342 Mecum
221 1306 274 1342 una
292 1290 319 1341 in
338 1290 412 1341 silvis
424 1289 569 1341 imitabere
591 1289 666 1340 Pana
685 1287 815 1340 canendo.

96 1363 153 1416 Pan
171 1363 274 1431 primns
292 1364 408 1416 calamos
426 1381 488 1416 cera
507 1365 672 1429 coniungere
691 1363 777 1429 pluris

96 1440 237 1504 Instituit;
258 1440 314 1492 Pan
332 1443 410 1492 curat
429 1441 486 1492 ovis
504 1439 649 1505 oviumque
668 1438 825 1504 magistros.

94 1517 120 1569 N
122 1533 152 1570 ec
170 1520 199 1569 te
217 1516 357 1584 poeniteat
375 1515 477 1568 calamo
496 1514 605 1568 trivisse
625 1513 771 1568 labellum:

97 1594 172 1646 llaec
190 1593 286 1645 eadem
305 1596 336 1646 ut
355 1592 443 1658 sciret,
462 1591 530 1660 quid
549 1607 601 1643 non
622 1589 740 1644 faciebat
760 1591 913 1658 Amyntasl
930 1605 955 1644 ³⁵

96 1671 145 1722 llst
162 1669 228 1722 mihi
247 1669 402 1737 disparibus
421 1673 526 1736 septem
547 1669 689 1734 compacta
709 1666 805 1719 cicutis

96 1745 209 1808 Fistula,
229 1745 376 1798 Damoetas
395 1745 466 1797 dono
484 1744 549 1796 mihi
571 1760 653 1811 quarn
673 1743 753 1795 dedit
772 1742 844 1810 olim,

96 1823 131 1876 Et
149 1821 220 1875 dixit
238 1822 370 1875 moriens:
391 1821 429 1874 Te
447 1837 520 1874 nunc
538 1820 622 1872 habet
641 1819 695 1872 ista
715 1819 874 1872 secundum.

96 1899 174 1952 Dixit
193 1898 353 1951 Damoetas:
372 1897 470 1950 invidit
489 1897 589 1949 stultus
610 1897 751 1963 Amyntas.

97 1975 243 2028 Praeterea
261 1974 322 2040 duo,
341 1991 391 2027 nec
409 1977 471 2026 tuta
489 1973 555 2025 mihi
574 1972 643 2025 valle
662 1971 774 2039 reperti,
931 1986 956 2024 so

96 2051 227 2119 Capreoli,
246 2049 347 2118 sparsis
365 2050 449 2103 etiam
468 2066 539 2102 nunc
557 2047 675 2117 pellibus
695 2047 765 2115 albo,

97 2129 166 2181 Bina
184 2127 229 2180 die
246 2126 349 2179 siccant
367 2126 423 2179 ovis
442 2125 544 2190 ubera;
562 2141 630 2192 quos
649 2124 701 2177 tibi
720 2141 805 2179 servo.

96 2205 156 2258 lam
175 2203 281 2272 pridem
300 2221 316 2255 a
333 2220 377 2256 me
396 2203 456 2256 illos
475 2202 612 2255 abducere
631 2201 768 2270 Thestylis
786 2205 864 2266 erat;

96 2282 132 2334 llt
148 2281 237 2346 faciet,
256 2280 383 2347 quoniam
404 2279 517 2332 sordent
537 2278 588 2330 tibi
608 2295 722 2332 munera
740 2282 839 2331 nostra

97 2359 158 2410 Huc
176 2357 249 2421 ades,
267 2373 283 2409 o
302 2357 419 2408 formose
438 2372 522 2423 puer:
542 2354 593 2408 tibi
612 2354 670 2406 lilia
687 2353 775 2421 plenis
932 2367 957 2406 45

95 2434 165 2488 Ecce
182 2434 274 2486 serunt
293 2432 435 2499 Nymphae
455 2431 587 2496 calathis,
606 2429 658 2482 tibi
677 2429 795 2482 candida
813 2430 887 2496 Nais,

96 2509 227 2563 Pallentis
246 2509 329 2562 violas
348 2511 377 2560 et
396 2524 502 2560 summa
521 2523 659 2576 papavera
679 2522 802 2573 carpens,

95 2586 252 2640 Narcissum
270 2588 299 2638 ct
317 2584 411 2638 liorem
429 2584 519 2652 iungit
537 2583 608 2636 bene
628 2582 728 2636 olentis
749 2581 863 2646 anethi;

95 2663 170 2727 Tum,
189 2661 261 2715 casia
279 2665 363 2729 atque
383 2661 443 2714 aliis
462 2660 589 2714 intexens
610 2659 739 2712 suavibus
756 2657 857 2724 herbis,

94 2739 189 2792 Mollia
207 2738 308 2791 luteola
325 2737 415 2806 pingit
434 2737 552 2790 vaccinia
569 2736 667 2789 caltha.
933 2749 957 2786 ao

96 2815 159 2884 Ipse
178 2831 228 2882 ego
247 2831 314 2867 cana
333 2813 423 2881 legam
443 2817 540 2867 tenera
553 2813 682 2880 lanugine
700 2812 779 2879 mala,

95 2892 297 2958 Castaneasquc
315 2907 406 2958 nuces,
426 2907 488 2944 mea
506 2906 575 2958 quas
595 2888 744 2956 Amaryllis
761 2885 871 2939 amabat
881 2905 888 2949 ;

96 2968 207 3020 Addam
225 2983 303 3019 cerea
321 2983 426 3035 pruna:
444 2967 530 3019 honos
549 2966 602 3018 erit
622 2965 684 3016 hnic
705 2979 813 3030 quoquo
831 2977 928 3028 pomo;

94 3044 133 3094 m
149 3060 204 3109 vos,
222 3060 238 3095 o
255 3043 332 3110 lauri,
345 3060 462 3113 carpam,
481 3046 510 3096 et
529 3047 564 3106 te,
582 3040 706 3108 proxima
723 3041 819 3105 myrta

209 3120 262 3172 'tae
281 3121 410 3188 quoniam
429 3119 520 3173 suavis
538 3117 658 3169 miscetis
677 3115 781 3167 odores.

252 3214 281 3262 ss,
301 3196 443 3266 Corydon:
464 3212 513 3250 nec
531 3209 645 3246 munera
662 3195 741 3246 curat
761 3189 865 3258 Alexis,
