2232 3556
380 151 566 198 AthElDOS
583 151 652 198 LIB.
671 151 722 200 IX.
937 156 984 205 261

137 225 272 285 hlduetum
292 233 388 284 matris
406 231 466 284 luco
484 231 641 299 Symaethia
657 232 759 288 circum

137 305 271 371 illumina,
286 307 395 375 pinguis
412 307 460 361 ubi
478 311 507 362 et
524 308 665 377 placabilis
682 326 730 364 ara
748 310 845 366 Palici:
948 330 986 370 aas

137 382 306 436 Stridentem
324 383 436 437 fundam
454 385 550 452 positis
570 385 723 440 Mezentius
740 386 827 442 hastis

138 458 201 526 Ipse
220 463 264 512 ter
281 459 401 514 adducta
418 461 519 514 circum
538 465 620 529 eaput
638 461 695 529 egit
712 462 827 531 habena,

138 534 173 587 Et
191 535 282 588 medie
299 535 406 590 adversi
425 536 571 604 liquefacto
589 541 714 606 tempora
730 539 842 607 plumbo

138 609 254 678 Diffidit,
272 628 304 664 ae
321 611 408 665 multa
425 616 580 680 porrectum
599 614 724 668 extendit
740 631 830 670 arena.

171 685 238 738 Tum
257 687 374 754 primum
392 687 465 741 bello
482 688 598 742 celerem
616 689 767 744 intendisse
785 693 913 759 sagittam
948 710 985 748 sao

137 760 251 828 Dicitur,
269 767 333 816 ante
351 764 423 818 feras
441 764 537 818 solitus
555 769 661 818 terrere
679 766 790 835 fugacis,

138 838 278 904 Ascanius,
297 839 452 908 fortemque
469 856 552 894 manu
570 835 673 894 fudisse
692 841 864 909 Numanum

137 912 187 965 Oui
206 913 321 967 Remulo
340 931 489 984 cognomen
508 919 576 981 crat,
596 916 735 984 Turnique
753 919 884 974 minorem

136 988 299 1043 Germanum
316 1008 404 1060 nuper
421 991 542 1045 thalamo
560 992 677 1046 sociatus
695 992 821 1047 habebat

137 1063 166 1116 Is
183 1066 298 1133 primam
317 1072 383 1120 ante
400 1067 486 1120 aciem
505 1067 588 1134 digna
604 1070 689 1135 atque
706 1069 819 1136 indigna
835 1072 924 1126 relatu
946 1087 983 1126 aas

136 1139 294 1196 Vociferans
312 1143 490 1212 tumidusque
507 1159 576 1196 novo
593 1143 752 1210 praecordia
771 1162 856 1214 regno

137 1215 200 1269 Ibat
218 1221 246 1271 et
263 1219 401 1286 ingentem
420 1235 480 1272 sese
498 1218 615 1271 clamore
632 1218 751 1274 ferebat:

137 1290 198 1345 Non
216 1293 303 1360 pudet
320 1293 462 1347 obsidione
480 1294 580 1348 iterum
599 1293 723 1362 valloque
741 1295 837 1363 teneri,

136 1365 184 1420 Bis
202 1368 273 1436 eapti
293 1369 421 1438 Phryges,
440 1372 469 1422 et
487 1369 568 1422 morti
586 1369 769 1437 praetendere
786 1374 892 1428 murosl

136 1419 184 1509 ΕΠ,
202 1444 249 1512 qui
267 1449 359 1498 nostru
377 1444 430 1498 sibi
448 1444 520 1500 bello
538 1443 671 1501 connubia
688 1451 816 1513 poscunt!
946 1465 983 1504 eoo

136 1517 202 1583 Quis
220 1519 289 1573 deus
309 1520 426 1587 ltaliam,
444 1537 514 1588 quae
532 1537 580 1572 vos
597 1520 736 1574 dementia
754 1522 864 1590 adegitl

135 1593 196 1648 Non
214 1595 259 1650 hie
279 1597 403 1662 Atridae,
422 1613 471 1649 nec
489 1595 565 1648 fandi
584 1595 664 1649 fictor
684 1596 787 1649 Ulixes.

136 1669 241 1725 Durum
259 1671 294 1724 ab
313 1673 399 1742 stirpe
417 1687 503 1738 genus
521 1675 599 1724 natos
618 1672 653 1724 od
672 1671 783 1726 flumine
800 1677 918 1740 primum

134 1746 290 1802 Deferimus
309 1764 444 1816 saevoque
461 1747 525 1814 gelu
544 1747 675 1800 duramus
693 1751 722 1800 et
740 1747 834 1812 undis;

135 1823 243 1876 Venatu
260 1823 404 1890 invigilant
422 1822 508 1890 pueri,
528 1822 663 1890 silvasque
681 1823 814 1890 fatigant;
945 1839 982 1880 eus

135 1899 259 1952 Flectere
277 1899 358 1950 ludus
376 1914 461 1966 equos
476 1901 505 1950 et
523 1897 626 1964 spicula
643 1898 758 1950 tendere
776 1915 866 1952 cornu

136 1976 174 2026 At
191 1974 298 2041 patiens
316 1989 428 2040 operum
447 1988 586 2040 parvoque
604 1971 720 2025 adsueta
737 1971 864 2026 iuventus

135 2051 193 2102 Aut
210 2051 307 2100 rastris
324 2051 429 2100 terram
447 2047 549 2112 domat,
568 2051 616 2099 aut
634 2047 724 2114 quatit
742 2047 844 2116 oppida
862 2047 940 2102 bello.

134 2124 221 2177 Omne
239 2139 336 2176 aevum
353 2123 426 2175 ferro
444 2121 551 2188 teritur,
570 2138 703 2189 versaque
720 2122 862 2176 iuvencum

133 2201 221 2268 Terga
238 2199 384 2266 fatigamus
402 2197 496 2262 hasta;
519 2195 668 2250 nectardo
686 2201 811 2250 senectus
946 2215 982 2254 ero

133 2277 269 2330 Debilitat
286 2275 351 2328 viris
369 2275 452 2328 animi
470 2277 615 2342 mutatque
634 2274 765 2342 vigorem:

133 2353 268 2408 Canitiem
286 2352 365 2419 galea
382 2351 547 2420 premimus;
571 2367 733 2420 semperque
751 2352 869 2408 recentis

132 2427 393 2497 Oomportareiuvat
411 2426 528 2496 praedas
546 2430 575 2480 et
594 2427 685 2480 vivere
703 2432 790 2496 rapto.

135 2505 218 2558 Vobis
236 2506 310 2573 pieta
327 2521 405 2558 croco
424 2508 452 2558 et
470 2503 587 2570 fulgenti
606 2503 709 2557 murice
727 2505 825 2570 vestis;

135 2581 262 2634 Desidiae
280 2581 369 2644 eordi;
393 2580 469 2633 iurat
487 2578 630 2646 indulgere
648 2579 766 2644 choreis3
948 2596 981 2635 ais

133 2657 169 2709 nt
187 2657 295 2710 tunicae
313 2656 439 2723 manicas,
457 2658 486 2708 et
504 2654 606 2708 habent
624 2655 784 2710 redimicula
801 2658 907 2712 mitrae.

133 2733 156 2786 Ο
175 2750 239 2787 vere
258 2732 400 2800 Phrygiae,
417 2731 597 2800 nequeenim
616 2731 747 2799 Phryges,
766 2732 805 2786 ite
822 2750 873 2802 per
890 2732 947 2786 alta

133 2809 275 2877 Dindyma,
293 2808 340 2861 nbi
358 2807 481 2862 manetis
499 2806 614 2860 biforem
632 2807 681 2862 dat
699 2807 768 2861 tibia
785 2812 902 2862 cantum.

132 2886 270 2954 Tympana
289 2901 338 2938 vos
355 2882 501 2952 buxusque
519 2887 597 2936 vocat
616 2884 778 2952 Berecyntia
796 2884 895 2937 Matris

134 2961 245 3017 Idaeae:
270 2961 350 3014 sinite
369 2976 444 3013 arma
461 2957 535 3026 viris,
554 2963 582 3012 et
600 2959 691 3014 cedite
709 2960 788 3012 lerro.
944 2974 978 3012 en·

132 3037 207 3091 Talia
224 3037 371 3091 iactantem
389 3035 470 3089 dietis
487 3050 519 3088 ae
537 3034 598 3088 dira
615 3039 757 3089 canentem

130 3113 194 3167 Non
212 3113 277 3167 tulit
296 3111 445 3176 Ascanius;
467 3126 605 3179 nervoque
623 3110 752 3165 obversus
770 3112 869 3178 equino

132 3189 281 3244 Contendit
299 3189 392 3253 telum,
412 3187 575 3254 diversaque
593 3186 720 3242 bracchia
738 3186 839 3242 ducens
