2234 3554
91 123 137 168 200
238 101 240 104 ’
327 120 355 167 Ρ.
375 117 529 167 vuaernr
547 119 715 168 nunonis

91 199 233 254 Musaeum
252 207 316 256 anto
334 199 435 263 omnis;
458 198 579 252 medium
596 217 661 254 nam
679 201 797 270 plurima
814 203 897 257 turba

92 277 172 330 Hunc
190 277 281 344 habet,
299 284 382 344 atque
400 276 520 329 humeris
538 279 694 330 exstantem
713 280 825 347 suspicit
843 279 920 334 altis:

93 353 190 421 Dicite,
208 353 301 408 felices
320 355 434 419 animae,
453 357 546 420 tuque,
565 357 677 422 optume
696 359 780 422 vates,

92 431 167 494 Quae
180 431 255 498 regio
270 431 417 493 Anchisen,
431 430 491 496 quis
504 429 588 482 babet
602 430 694 484 loeusl
712 431 785 484 illius
796 449 862 501 ergo
909 447 944 486 cco

92 507 222 560 Venimus
241 512 270 562 et
288 524 401 575 magnos
421 505 502 558 Erebi
523 507 690 560 tranavimus
709 509 804 563 amnis.

91 585 185 652 Atque
204 585 266 638 huie
284 600 446 652 responsum
466 583 560 650 paucis
579 582 619 634 ita
637 583 761 636 reddidit
778 585 873 638 heros:

91 661 166 714 Nulli
184 664 261 714 certa
279 660 390 722 domus;
414 659 483 712 lueis
501 657 657 712 habitamus
677 661 774 728 opacis,

91 737 277 806 ltiparumque
295 741 370 790 toros
389 739 418 789 et
436 738 517 803 prata
535 736 655 788 recentia
674 736 739 789 rivis
760 775 761 779 ,

90 813 242 866 Incolimus.
280 813 336 866 Sed
355 829 409 879 vos,
429 812 452 864 si
470 811 525 864 fert
542 812 582 864 ita
599 813 682 865 eorde
699 812 833 878 voluntas,
907 827 943 868 crs

92 889 151 942 Hoc
169 893 297 956 superate
315 890 425 956 iugum3
451 891 480 941 et
497 887 569 940 facili
588 888 642 940 iam
661 889 773 942 tramite
792 889 893 943 sistam.

90 965 174 1034 Dixit,
193 969 305 1020 stante
324 965 389 1019 tulit
406 980 539 1032 gressum,
559 980 723 1034 camposque
741 966 855 1018 nitentis

89 1041 214 1110 Desuper
232 1045 367 1106 ostentat;
392 1041 490 1095 dehine
509 1057 614 1092 summa
633 1041 772 1093 eacumina
790 1042 923 1109 linquunt.

124 1119 165 1172 At
183 1122 262 1186 pater
281 1119 416 1172 Anchises
436 1117 545 1186 penitus
565 1116 685 1170 convalle
703 1117 802 1170 virenti

90 1195 212 1248 inclusas
230 1196 333 1248 animas
352 1209 536 1263 superumque
556 1192 590 1244 ad
610 1196 701 1246 lumen
719 1193 805 1246 ituras
907 1208 943 1246 eso

90 1271 239 1324 Lustrabat
257 1272 348 1324 studio
368 1270 496 1336 recolens,
515 1285 678 1337 omnemque
696 1286 806 1322 suorum

89 1347 172 1401 Forte
189 1348 350 1401 recensebat
370 1363 513 1399 numerum
534 1362 665 1413 carosque
683 1349 805 1414 nepotes,

89 1423 213 1492 Fataque
231 1423 409 1491 fortunasque
430 1422 518 1475 virum
539 1439 684 1489 moresque
702 1439 859 1490 manusque.

89 1498 172 1566 lsquc
189 1499 237 1552 ubi
254 1499 414 1552 tendentem
434 1498 579 1552 adversum
598 1516 648 1567 per
666 1499 790 1566 gramina
807 1497 878 1552 vidit

88 1576 209 1641 Aenean,
228 1575 323 1628 alacris
341 1575 445 1644 palmas
465 1579 597 1642 utrasque
617 1574 744 1642 tetendit,
904 1589 942 1627 osa

88 1651 251 1720 Effusaeque
268 1652 345 1719 genis
364 1651 497 1717 lacrimae,
518 1655 547 1704 et
565 1666 617 1703 vox
639 1650 739 1704 excidit
756 1667 818 1706 ore:

88 1725 193 1781 Venisti
213 1727 333 1794 tandem,
353 1733 454 1796 tuaque
472 1730 631 1796 exspectata
649 1727 757 1796 parenti

89 1805 160 1858 Vicit
178 1805 232 1857 iter
250 1805 348 1858 durum
367 1805 473 1872 pietasl
499 1805 581 1858 datur
600 1821 648 1856 ora
667 1803 747 1871 tueri,

87 1880 167 1947 Nate,
185 1884 239 1947 tua,
259 1886 287 1934 et
306 1885 385 1934 notas
404 1881 499 1934 audire
519 1887 547 1934 et
566 1880 683 1933 reddere
704 1881 799 1934 vocesl

87 1956 131 2010 Sic
150 1957 277 2026 equidem
296 1956 428 2011 ducebam
448 1958 537 2010 animo
556 1957 693 2024 rebarque
711 1957 840 2024 futurum,
906 1973 941 2012 ceo

87 2033 219 2102 Tempora
235 2035 418 2102 dinumerans,
437 2051 488 2088 nee
506 2051 550 2087 me
570 2050 631 2086 mea
650 2050 714 2085 cura
733 2033 834 2086 fefellit.

87 2111 160 2174 Quas
178 2126 229 2178 ego
247 2114 276 2164 te
293 2115 382 2165 terras
401 2115 430 2165 et
448 2115 551 2180 quauta
570 2127 621 2178 per
641 2125 761 2178 aequora
778 2113 887 2163 vectum

87 2187 213 2256 Accipio!
240 2189 347 2256 quantis
367 2191 505 2253 iactatum,
525 2191 596 2254 nate,
615 2184 736 2256 periclis!

87 2262 173 2326 Quam
192 2265 284 2332 metui,
302 2281 336 2317 ne
356 2264 423 2333 quid
443 2264 544 2332 Libyae
562 2263 614 2316 tibi
634 2280 719 2330 regna
737 2266 880 2316 nocerent!

88 2339 138 2392 llle
156 2344 262 2393 antem:
288 2341 344 2394 Tua
362 2358 413 2408 nie,
433 2341 548 2408 genitor,
569 2343 618 2392 tua
639 2339 727 2392 tristis
745 2339 843 2407 imago,
904 2355 941 2394 oee

86 2416 199 2485 Saepius
217 2433 367 2485 occurrens,
385 2417 453 2470 haee
471 2416 566 2468 limina
585 2417 701 2470 tendere
720 2415 828 2483 adegit;

86 2491 167 2546 Stant
185 2493 241 2546 sale
260 2493 398 2560 Tyrrheno
417 2494 522 2547 classes
563 2493 607 2548 Da
625 2494 738 2561 iungere
756 2493 890 2546 dextram.

87 2569 135 2637 Da,
153 2571 268 2637 genitor,
288 2575 371 2640 teque
391 2571 518 2639 amplexu
537 2589 572 2626 ne
593 2569 723 2624 subtrahe
740 2574 842 2623 nostro.

86 2644 130 2698 Sic
149 2663 302 2701 memorans
319 2649 395 2717 largo
415 2648 482 2702 fletu
500 2649 581 2701 simul
601 2664 649 2700 ora
666 2646 781 2714 rigabat.

86 2721 139 2775 Ter
156 2728 269 2777 conatus
287 2725 324 2777 ibi
344 2726 411 2778 eollo
431 2725 498 2778 dare
518 2723 644 2778 bracchia
664 2724 773 2791 circum,
905 2735 941 2773 roo

86 2799 139 2852 Ter
156 2799 258 2854 frustra
277 2819 426 2870 conprensa
445 2819 541 2854 manus
562 2800 658 2868 effugit
676 2801 773 2869 imago,

87 2873 141 2926 Par
158 2874 263 2929 levibus
282 2880 371 2932 ventis
390 2879 546 2945 volucrique
568 2877 703 2930 simillima
722 2892 822 2930 somno.

121 2949 232 3005 Interea
251 2953 327 3007 videt
348 2957 454 3007 Aeneas
471 2954 498 3005 in
517 2952 587 3006 valle
606 2954 719 3007 reducta

87 3026 226 3081 Seclusum
244 3047 339 3082 nemus
358 3035 387 3083 et
405 3029 524 3094 virgulta
543 3029 666 3083 sonantia
686 3029 766 3092 silvis,

87 3101 300 3173 Lethaeamque,
319 3105 414 3157 domes
432 3103 552 3171 placidas
571 3107 618 3172 qui
636 3107 791 3174 praenatat,
810 3117 925 3158 amnena

87 3176 169 3230 Hune
186 3181 288 3233 circum
306 3180 465 3236 innumerae
483 3180 581 3242 gentes
598 3181 746 3248 populique
765 3179 912 3246 volabant3
