2234 3554
421 164 603 213 AENEIDOS
621 166 691 216 LIB.
709 164 774 214 VII.
933 159 938 175 '
975 159 1021 208 228

166 242 291 298 Terribili
310 243 438 310 inpcxum
457 252 540 310 saeta,
560 261 621 298 cum
640 245 768 298 dentibus
786 245 855 300 albis

168 318 286 372 indutus
304 319 396 387 capiti,
413 320 451 374 sic
470 321 544 388 regia
562 325 636 374 tecta
655 321 772 388 subibat,

169 394 312 458 Horridus
334 396 522 464 Herculeoque
540 397 669 450 humeros
686 399 801 452 innexus
817 400 929 456 amictu.

204 471 272 524 'lum
289 471 389 537 gemini
408 472 507 526 fratres
524 473 651 528 Tiburtia
669 475 775 528 moenia
792 475 926 544 linquunt,
984 489 1021 530 cro

169 547 275 600 Fratris
293 547 400 602 Tiburti
418 549 519 602 dictam
536 550 695 618 cognomine
713 554 832 619 gentem,

168 623 339 693 Catillusque
356 641 473 695 acerque
492 627 583 693 Coras,
603 627 708 694 Argiva
725 628 859 696 iuventus,

170 702 205 754 llt
223 701 339 768 primam
356 706 420 756 ante
438 703 523 756 aciem
541 703 627 756 densa
643 704 717 758 iuter
734 704 791 757 tela
809 704 947 758 feruntur:

169 777 227 830 Ocu
245 776 300 830 duo
317 777 469 846 nubigenae
486 796 548 834 cum
566 781 669 834 vertice
687 781 786 834 montis
804 780 839 833 ab
857 779 913 833 alto

170 853 347 911 Descendunt
359 855 497 924 Centauri,
511 856 647 910 Homolen
661 857 832 925 Othrquue
843 857 960 910 nivalem
986 868 1023 908 ors

170 928 338 998 Linquentes
356 948 437 985 cursu
454 932 564 1000 rapido;
582 932 632 986 dat
649 933 777 986 euntibus
795 933 890 1001 ingens

169 1006 243 1060 Silva
260 1007 357 1075 locum,
375 1013 404 1062 et
421 1025 519 1076 magno
536 1009 639 1062 cedunt
656 1010 775 1076 virgulta
791 1010 907 1077 fragore.

204 1083 229 1136 N
233 1099 263 1136 ec
283 1083 477 1139 Praenestinae
493 1085 623 1138 fundator
641 1085 729 1138 defuit
746 1085 828 1152 urbis,

171 1159 290 1213 Volcano
307 1161 431 1228 genitum
449 1177 548 1230 pecora
565 1161 638 1214 inter
655 1161 775 1229 agrestia
792 1177 885 1230 regem

172 1236 372 1306 lucentemque
389 1238 456 1292 focis
473 1239 560 1291 omnis
577 1255 659 1306 quem
677 1238 794 1292 eredidit
812 1241 895 1303 aetas,
987 1249 1024 1289 esu

171 1313 309 1367 Caeculus.
347 1315 429 1368 Hunc
447 1314 519 1383 legio
536 1314 593 1368 late
611 1315 758 1368 comitatur
776 1314 900 1382 agrestis,

170 1389 279 1459 Quique
296 1391 382 1444 altum
402 1392 549 1446 Praeneste
568 1391 625 1456 viri,
644 1391 746 1461 quique
764 1407 830 1446 arra
847 1389 971 1446 Gabinae

172 1467 284 1520 lunonis
301 1468 479 1537 gelidumque
499 1469 633 1522 Anienem
651 1472 681 1522 et
697 1468 805 1522 roscida
823 1467 887 1521 rivis

174 1543 294 1597 Hernica
311 1561 376 1598 saxa
394 1545 492 1612 colunt,
511 1561 580 1612 quos
599 1545 675 1598 dives
695 1545 822 1613 Anagnia
838 1543 934 1612 pascit,

167 1620 253 1687 Quos,
273 1623 409 1674 Amasene
427 1625 512 1690 pater.
548 1623 610 1675 Non
628 1622 682 1676 illis
700 1621 824 1674 omnibus
842 1637 925 1687 arma,
987 1632 1024 1672 ess

172 1697 196 1749 Ν
199 1713 231 1750 ec
247 1697 328 1765 clipei
346 1715 476 1752 currusve
493 1702 606 1764 sonant;
624 1715 688 1767 pars
706 1713 834 1751 maxuma
848 1696 965 1765 glandes

172 1772 295 1827 Liuentis
313 1774 418 1842 plumbi
436 1775 556 1844 spargit3
572 1791 637 1842 pars
653 1775 758 1842 spicula
775 1777 867 1842 gestat

173 1849 243 1902 Bina
260 1865 357 1913 manu;
374 1850 515 1918 fulvosque
531 1851 591 1918 lupi
608 1851 644 1904 de
662 1851 734 1918 pelle
750 1850 858 1917 galeros

171 1922 294 1992 'regmen
311 1925 415 1978 habent
433 1927 531 1992 capiti;
547 1927 663 1992 vestigia
680 1927 755 1978 nuda
772 1925 875 1978 sinistri

174 2001 324 2054 instituere
342 2000 433 2068 pedis3
449 2001 550 2054 crudus
568 2001 639 2068 tegit
655 2001 743 2054 altera
759 2017 833 2068 pero.
990 2014 1026 2054 oeo

209 2078 250 2128 At
268 2076 419 2144 Messapus,
436 2093 538 2144 equum
557 2075 683 2142 domitor,
703 2075 841 2143 Neptunia
858 2075 955 2142 proles,

173 2153 262 2217 Quem
280 2168 370 2220 neque
387 2151 428 2204 fus
446 2152 503 2220 igni
520 2152 648 2220 cuiquam
665 2167 716 2204 nec
734 2154 857 2203 atemere
875 2151 955 2218 ferro,

175 2231 235 2282 Iam
252 2229 360 2298 pridem
378 2229 483 2283 resides
500 2229 615 2299 populos
634 2228 803 2295 desuetaque
820 2227 893 2280 bello

176 2307 293 2374 Agmina
310 2306 432 2372 inarum
449 2310 527 2360 uocat
544 2305 642 2373 subit),
660 2305 818 2372 ferrumque
836 2305 975 2357 retractat

175 2381 214 2436 Hi
232 2383 412 2436 Fescenninas
430 2384 502 2438 acies
520 2384 688 2451 Aequosque
708 2380 833 2448 Faliscos,
990 2393 1027 2433 sss

176 2459 214 2512 Hi
231 2459 351 2513 Sciractis
369 2459 471 2514 habent
489 2477 566 2514 arces
586 2459 762 2528 Flaviniaque
780 2474 852 2525 arva,

175 2535 211 2590 m
229 2536 328 2590 (limini
346 2553 407 2590 cum
425 2541 517 2590 monte
536 2537 624 2591 lacum
643 2537 772 2605 lucosque
792 2535 921 2604 Capenos

177 2613 259 2668 lbaat
273 2613 385 2682 aequati
403 2630 523 2680 numero,
542 2630 690 2681 regemque
708 2612 854 2666 canebant:

175 2689 232 2742 Ceu
250 2689 387 2756 quondam
404 2690 476 2743 nivei
493 2689 597 2759 liquida
614 2691 687 2744 inter
705 2688 798 2742 nubila
815 2687 891 2756 cycni

175 2765 244 2818 t¹n1n
262 2781 322 2818 sese
341 2781 356 2818 e
373 2771 454 2833 pastu
471 2768 595 2820 referunt
614 2770 642 2820 et
660 2766 739 2832 longa
758 2780 870 2818 canoros
992 2770 1027 2816 τοῦ

177 2842 251 2895 liant
267 2857 318 2910 per
335 2842 404 2895 colla
421 2843 532 2909 modos;
550 2845 628 2896 sonat
646 2842 731 2894 amnis
750 2843 779 2893 et
798 2839 865 2894 Asia
882 2838 962 2907 louge

180 2918 259 2971 Pulsa
275 2917 360 2986 palus

178 2994 236 3046 Nec
253 2995 397 3063 quisquam
413 3000 523 3051 aeratas
540 2996 611 3050 acies
629 3011 664 3048 ex
682 2993 789 3062 agmine
806 2996 885 3047 tanto

178 3071 288 3124 Misceri
306 3075 393 3140 putet,
411 3073 513 3126 aeriam
532 3071 582 3127 sed
599 3071 709 3139 gurgite
727 3069 761 3123 ab
780 3070 836 3124 alto

179 3147 296 3212 Urgueri
314 3149 453 3203 volucrum
472 3165 613 3203 raucarum
629 3147 668 3200 ad
685 3147 766 3202 litora
781 3147 889 3200 nubem.
952 3145 956 3154 ’
991 3158 1028 3200 70⁶

199 3223 289 3292 'Ecce
307 3223 468 3280 Sabinorum
486 3225 574 3295 priseo
592 3223 628 3278 de
646 3223 775 3292 sanguine
792 3238 921 3291 magnum
