2242 3550
138 165 169 212 58
367 164 396 212 P.
417 163 571 212 VERGILI
593 163 761 213 MARONIS

136 241 262 308 Victoris,
280 245 346 308 tum,
365 258 434 310 quos
451 242 543 296 amisit
562 242 671 310 inultus,
689 259 811 308 amores;

135 319 172 371 Et
190 317 298 372 stabula
315 318 478 386 adspectans
497 319 588 386 regnis
607 319 724 374 excessit
742 320 829 373 avitis

135 394 208 461 Ergo
227 393 299 446 omni
318 411 383 447 cura
400 394 466 448 viris
484 399 604 460 exercet,
623 399 652 448 et
670 396 742 449 inter

135 470 211 523 Dura
228 469 298 522 iacet
316 487 420 538 pernox
438 471 555 523 instrato
574 488 639 524 saxa
657 471 746 540 cubili,
954 488 991 532 aaa

135 547 289 600 Frondibus
307 547 421 600 hirsutis
440 552 468 600 et
486 547 573 600 carice
592 551 687 614 pastus
704 553 791 615 acuta,

134 623 170 676 Et
187 626 307 690 temptat
326 640 393 690 sese,
412 626 496 690 atque
515 623 594 676 irasci
612 624 639 676 in
658 641 759 678 cornua
776 625 857 680 discit

135 699 251 753 Arboris
270 699 385 752 obnixus
403 703 507 766 trunco,
527 704 677 769 ventosque
695 701 804 754 lacessit

135 775 247 841 Ictibus,
266 778 295 828 et
313 791 407 842 sparsa
425 775 461 828 ad
479 792 598 843 pugnam
615 777 738 845 proludit
755 795 844 831 arena.

134 852 207 918 Post,
226 851 273 904 ubi
292 851 435 904 collectum
454 852 538 906 robur
556 852 683 921 viresque
701 854 829 922 reiectae,
952 869 990 908 aas

133 928 216 996 Signa
234 931 331 992 moret,
349 945 536 996 praecepsque
554 927 670 982 oblitum
687 929 777 983 fertur
793 931 822 984 in
840 932 964 997 hostem;

134 1005 246 1058 llluctus
264 1004 304 1058 uti
323 1004 413 1057 medio
432 1005 521 1073 coepit
539 1021 600 1057 curn
619 1005 758 1060 albescere
775 1010 859 1075 ponto

133 1081 260 1150 Longius,
278 1099 312 1134 ex
331 1081 442 1150 altoque
460 1083 549 1134 sinum
567 1081 666 1148 trahit;
684 1083 896 1152 utquevolutus

133 1159 180 1212 Ad
197 1163 286 1212 terras
304 1160 412 1212 inmane
430 1162 508 1212 sonat
526 1175 576 1226 per
594 1176 666 1226 saxa,
684 1176 774 1228 neque
792 1160 850 1228 ipso

133 1235 227 1289 Monte
245 1236 332 1288 minor
350 1235 519 1303 procumbit:
538 1239 567 1288 at
584 1237 639 1288 ima
657 1239 800 1289 exaestuat
817 1236 891 1290 unda
951 1251 988 1291 alo

133 1311 296 1378 Verticibus,
314 1313 475 1380 nigramque
493 1312 548 1364 alte
568 1312 704 1366 subiectat
723 1329 840 1366 arenam.

167 1387 253 1441 Omne
265 1389 334 1440 adeo
346 1405 433 1456 genus
445 1389 473 1440 in
490 1389 572 1441 terris
590 1389 784 1456 hominumque
801 1390 987 1458 ferarumque,

133 1465 169 1518 Et
186 1481 271 1532 genus
289 1480 463 1532 aequoreum,
482 1465 609 1532 pecudes,
627 1466 771 1533 pictaeque
789 1465 919 1531 volucres,
954 1525 957 1532 ¹

133 1541 166 1594 In
184 1541 268 1594 furias
286 1541 432 1608 ignemque
450 1545 540 1594 ruunt.
579 1543 665 1594 Amor
683 1541 808 1595 omnibus
825 1541 906 1595 idem

131 1617 264 1686 Tempore
283 1634 334 1670 non
354 1617 406 1670 alio
424 1617 576 1670 catulorum
595 1617 681 1671 oblita
698 1618 793 1670 leaena
948 1632 986 1672 ars

132 1695 242 1748 Saevior
261 1695 363 1748 erravit
381 1695 491 1762 campis,
510 1711 560 1746 neo
577 1694 674 1747 funera
692 1694 770 1761 volgo

132 1771 198 1824 'lam
216 1771 301 1823 multa
319 1770 448 1824 informes
466 1770 522 1823 ursi
541 1774 716 1838 stragemque
735 1771 837 1824 dedere

133 1847 186 1901 Per
204 1848 298 1912 silvas;
317 1851 377 1899 tum
397 1863 493 1900 saevus
511 1863 584 1916 aper,
603 1851 662 1900 tum
680 1847 798 1914 pessima
815 1847 910 1914 tigrls;

133 1925 203 1990 Heu,
222 1925 292 1976 male
311 1928 369 1977 tum
389 1923 490 1991 Libyae
509 1924 572 1976 solis
591 1927 699 1976 erratur
717 1923 745 1976 in
762 1923 841 1990 agris.

132 2000 229 2053 Nonne
247 2000 331 2066 vides,
350 2002 381 2052 ut
399 2003 459 2053 tota
477 2004 581 2053 tremor
598 2003 769 2068 pertemptet
787 2013 919 2066 equomm
949 2013 985 2053 aso

132 2076 259 2146 Corpora,
279 2077 301 2130 si
320 2080 427 2130 tantum
446 2081 523 2130 notas
542 2076 609 2129 odor
627 2076 723 2130 attulit
741 2078 837 2130 aurasi

132 2156 174 2206 Ac
192 2171 280 2222 neque
299 2170 346 2206 eos
364 2154 416 2206 iam
435 2154 513 2206 frena
530 2154 626 2220 virum,
644 2169 733 2220 neque
751 2152 866 2206 verbera
884 2169 971 2219 saeva,

131 2228 193 2282 Non
212 2230 313 2298 scopuli
331 2247 469 2298 rupesque
487 2247 569 2282 cavae
587 2233 672 2297 atque
690 2229 798 2282 obieeta
815 2232 960 2285 retardant

132 2304 264 2372 Flumina,
284 2310 476 2374 correptosque
495 2307 569 2358 unda
587 2307 745 2374 torquentia
763 2307 870 2360 montis.

132 2381 196 2449 lpse
215 2383 271 2435 ruit
290 2383 442 2450 dentesque
463 2382 612 2435 Sabellicus
631 2383 739 2435 exacuit
757 2399 809 2451 sus,
949 2399 986 2438 aas

131 2458 167 2513 Et
184 2459 255 2527 pede
273 2458 427 2527 prosubigit
446 2462 556 2524 terram,
577 2458 659 2512 iricat
677 2458 775 2513 arbore
793 2465 890 2529 costas,

132 2536 227 2604 Atque
247 2535 310 2588 hinc
328 2539 413 2602 atque
431 2535 504 2588 illine
522 2535 650 2589 humeros
668 2535 704 2588 ad
723 2537 834 2590 volnera
852 2537 940 2592 durat

132 2612 204 2678 Quid
221 2612 334 2676 iuvenis,
353 2628 482 2679 magnum
501 2612 543 2665 cui
562 2615 702 2667 versatio
721 2615 828 2668 ossibus
847 2614 938 2681 ignem

132 2689 222 2741 Durus
240 2689 332 2742 amori
369 2688 476 2756 Nempe
496 2689 622 2757 abruptis
641 2691 755 2744 turbata
773 2691 898 2759 procellis

131 2765 219 2819 Nocte
237 2768 315 2818 natat
333 2783 413 2820 caeca
431 2783 508 2818 serus
526 2767 612 2831 freta3
631 2785 713 2835 quem
732 2785 814 2835 super
831 2767 928 2834 ingens
950 2779 987 2822 a»

132 2841 215 2895 Porta
233 2846 311 2896 tonat
329 2843 404 2910 caeli,
424 2847 452 2897 et
471 2843 587 2912 scopulis
606 2843 685 2896 inlisa
703 2844 852 2899 reclamant

131 2917 276 2986 Aequora;
294 2937 344 2973 nec
362 2920 455 2974 miseri
474 2924 589 2988 possunt
608 2937 736 2974 revocare
754 2925 891 2989 parentes,

130 2992 156 3045 N
158 3010 188 3047 ec
205 2997 338 3051 moritura
355 3014 438 3066 super
456 2997 560 3050 crudeli
578 2997 674 3050 funere
693 2998 776 3065 virgo.

131 3068 203 3132 Quid
220 3073 309 3141 lynces
328 3074 428 3128 Bacchi
447 3074 537 3128 variae
556 3077 584 3128 et
601 3090 689 3141 genus
707 3090 769 3126 aere
786 3075 911 3140 luporum

130 3145 225 3215 Atque
243 3153 355 3206 canumi
374 3151 450 3220 quid,
468 3167 539 3219 quae
557 3149 671 3204 inbelles
689 3149 757 3202 dant
774 3150 878 3217 proelia
894 3153 987 3205 cerril

130 3221 239 3276 Scilicet
257 3229 321 3280 ante
339 3226 427 3279 omnis
444 3227 520 3278 furor
539 3231 582 3280 est
600 3225 712 3291 insignis
730 3241 879 3292 equarum3
951 3243 982 3280 aa
