2274 3554
410 122 616 171 GEORGICON
635 125 704 173 LIB.
724 125 772 176 IV.
992 129 1019 180 81

162 203 279 259 Inferias
299 203 402 272 Orphei
422 203 545 257 Lethaea
563 221 699 273 papavera
718 207 819 275 mittes,
986 223 1020 263 w

161 282 198 334 Et
217 282 320 348 nigram
338 280 473 334 mactabis
496 299 580 350 ovem,
602 281 746 351 lucumque
764 285 878 351 revises;

163 351 303 413 Placatam
323 358 476 426 Eurydicen
498 359 583 412 vitula
602 360 767 414 uenerabere
785 378 870 416 caesa.

199 436 283 489 Haud
302 453 393 502 mora;
413 438 540 490 continuo
561 437 656 490 matris
676 443 822 508 praecepta
840 440 963 505 facessit5

163 515 210 568 Ad
230 513 344 566 delubra
362 515 443 581 venit,
465 519 630 568 monstratas
651 517 753 568 excitat
771 533 839 582 aras,

163 592 300 655 Quattuor
319 592 432 662 eximios
451 593 609 662 praestanti¹
623 610 734 662 corpore
753 596 845 645 tauros
984 609 1020 646 coo

136 713 150 722 ,.
162 669 252 736 Ducit,
271 673 300 722 et
317 669 682 724 intactatotidem-cerrice
701 671 832 724 iuvencas.
859 709 870 720 .

139 739 237 813 'Post
256 747 303 798 ubi
321 763 392 799 nona
411 764 473 800 auos
495 749 602 801 Aurora
621 748 766 800 induxerat
785 750 869 816 ortus,

164 823 279 875 Inferias
299 822 401 892 Orphei
422 823 516 890 mittit,
536 824 680 892 lucumque
696 819 799 877 revisit.

165 899 219 952 liic
236 917 300 954 vero
320 901 440 953 subitum
460 917 491 953 ac
510 901 585 954 dictu
605 901 728 954 mirabile
747 903 897 953 monstrum

165 978 316 1045 Aspiciunt,
336 978 482 1046 liquefacta
501 977 582 1030 boum
594 977 650 1046 'per
670 979 772 1031 viscera
789 980 848 1030 toto
983 989 1019 1029 ωε

164 1053 288 1107 Stridere
306 1071 372 1124 apes
389 1058 469 1108 utero
488 1057 517 1108 et
535 1055 623 1122 ruptis
642 1055 772 1108 effervere
790 1054 894 1120 coatia,¹
1056 1057 1060 1064 “

165 1137 361 1200 inmensusque
380 1132 450 1184 trahi
469 1131 562 1199 nubea,
580 1132 688 1200 iamque
707 1131 814 1192 arbores
823 1146 927 1182 summa
1012 1173 1017 1180 .

166 1211 309 1263 Confluere
328 1212 357 1261 et
375 1208 456 1260 lentis
475 1225 555 1260 uvam
575 1207 723 1260 demittere
741 1199 835 1260 remiss

175 1414 178 1420 .
201 1365 278 1418 Haec
295 1380 376 1430 super
394 1379 519 1415 arvorum
538 1363 613 1414 cultu
630 1345 813 1430 pecorumque
830 1361 969 1414 canebam.

165 1443 203 1496 Et
221 1457 303 1509 super
320 1438 468 1504 arboribus,
488 1437 588 1492 Cacsar
605 1439 670 1492 dum
683 1454 796 1504 magnus
811 1437 850 1489 ad·
861 1437 946 1490 altum
965 1446 1018 1491 'tao

166 1518 304 1572 Fulminat
322 1514 480 1582 Euphraten
499 1513 578 1578 belle,
598 1516 737 1583 victorque
756 1513 870 1567 volentis

166 1595 220 1648 Per
237 1593 351 1662 populos
370 1589 418 1642 dat
435 1591 501 1660 iura,
520 1591 645 1660 viamque
665 1591 786 1644 adfectat
805 1589 926 1659 Olprnpo.

167 1672 218 1724 illo
237 1669 388 1737 Vergilium
408 1686 451 1721 me
470 1673 593 1737 tempore
613 1669 698 1722 duleis
717 1667 809 1720 alebat
877 1679 880 1684 '
917 1731 921 1740 ¹

167 1750 347 1814 Parthenope,
366 1745 462 1798 studiis
482 1743 767 1814 florentemignobilis
787 1744 832 1809 oti,
894 1746 896 1754 '
937 1801 943 1812 Ι

78 1890 81 1897 Ι
167 1821 293 1881 Carmina
311 1821 425 1899 quizlnsi
443 1825 589 1889 pastorum,
608 1821 887 1890 audaxqu'eiuventm
980 1837 1016 1879 tofi

167 1904 266 1971 Tityro,
284 1902 313 1952 te
330 1899 441 1966 patulae
458 1898 542 1950 cecini
560 1899 610 1951 sub
628 1899 747 1966 tegmine
766 1895 830 1963 fagi,
881 1907 884 1916 ’
