2242 3550
405 161 610 209 GEORGICON
628 161 697 212 LIB.
716 161 739 211 Ι.
968 158 998 210 27

142 247 244 302 Elicit?
260 243 307 300 illa
324 246 425 299 cadens
442 259 552 296 raucum
570 258 620 310 per
637 241 707 296 levia
724 257 846 295 murmur

141 324 214 377 Saxa
232 323 292 386 ciet,
312 322 498 388 scatebrisque
516 319 621 372 arentia
639 322 776 386 temperat
794 335 865 372 arva
963 331 999 370 uo

142 399 222 467 Quid,
241 399 294 467 qui,
312 415 348 452 ne
365 397 482 466 gravidis
500 395 661 462 procumbat
679 394 782 448 culmus
801 395 899 460 aristis,

144 475 290 528 Luxuriam
309 479 432 542 segetum
450 477 546 526 tenera
565 471 688 539 depascit
705 475 732 526 in
751 472 843 536 herba,

142 552 212 606 Cum
230 552 347 619 primum
365 552 452 604 sulcos
470 552 589 617 aequant
608 551 686 602 sata?
706 551 806 617 quique
824 548 929 616 paludis

142 629 293 682 Collectum
311 627 452 680 humorem
470 625 562 678 bibula
581 624 692 679 deducit
710 643 800 692 arena,

143 703 308 758 Praesertim
325 704 436 756 incertis
455 703 477 756 si
495 701 631 754 mensibus
650 704 736 755 amnis
754 702 893 755 abundans
964 717 1000 754 115

142 781 215 846 Exit,
235 783 264 832 et
281 779 399 832 obducto
417 780 473 832 late
491 782 568 832 tenet
586 779 675 831 omnia
692 779 762 844 limo,

142 856 225 911 Unde
243 872 324 910 cavae
342 856 435 924 tepido
454 855 552 908 sudant
570 855 683 909 humore
700 857 830 909 lacunael

177 930 1000 1001 Nectamen,haeee1unsintbominumqueboumquelabores

142 1009 286 1064 Versando
305 1013 408 1063 terram
427 1009 540 1076 experti,
559 1008 624 1062 nibil
642 1009 771 1077 inprobus
789 1025 868 1061 anser

142 1087 366 1154 Strymoniaeque
384 1103 465 1154 grues
483 1089 513 1138 et
531 1085 629 1138 amaris
647 1085 733 1138 intiba
751 1085 826 1137 fibris
965 1097 1001 1135 110

142 1163 270 1216 Officiunt
288 1167 336 1216 aut
353 1163 450 1216 umbra
468 1166 554 1215 uocet.
593 1162 677 1214 Pater
694 1163 752 1230 ipse
770 1161 875 1214 colendi

145 1238 227 1292 Haud
245 1239 350 1292 facilem
368 1256 428 1292 esse
446 1240 515 1292 viam
534 1239 626 1305 voluit,
644 1239 801 1308 primusque
819 1254 869 1304 per
886 1239 975 1290 artem

142 1315 230 1368 Movit
248 1332 336 1383 agros,
353 1317 424 1368 curis
442 1333 540 1369 acuens
559 1317 685 1368 mortalia
703 1317 792 1382 corda,

143 1393 201 1445 Nee
218 1397 328 1463 torpere
347 1393 424 1459 gravi
442 1409 537 1460 passus
556 1409 603 1445 sua
622 1409 706 1460 regna
725 1397 844 1445 rotomo.

143 1472 219 1523 Ante
239 1469 332 1522 Iovem
350 1469 416 1522 nulli
435 1469 596 1537 subigebant
614 1487 679 1523 arva
697 1470 801 1534 eoloni;
965 1480 1001 1518 las

143 1545 168 1598 N
171 1563 186 1598 e
205 1547 311 1613 signare
331 1545 440 1614 quidem
459 1550 507 1598 aut
525 1547 620 1614 partiri
640 1547 725 1600 limite
744 1563 868 1614 campum

143 1622 197 1674 Fas
216 1626 289 1675 erat:
308 1623 335 1675 in
353 1621 474 1676 medium
493 1623 670 1691 quaerebant,
688 1623 801 1692 ipsaque
819 1622 900 1675 tellus

144 1698 241 1752 Omnia
259 1698 377 1760 liberius,
395 1699 470 1751 nullo
488 1703 624 1768 poscente,
642 1700 755 1754 ferebat.

145 1775 195 1828 Ille
214 1775 314 1828 malurn
333 1775 406 1828 virus
425 1775 597 1842 serpentibus
616 1776 724 1830 addidit
742 1777 816 1843 atris,

145 1852 331 1920 Praedariqne
349 1851 426 1920 lupos
443 1851 530 1920 iussit,
548 1856 717 1921 pontumque
735 1853 845 1917 moveri,
967 1864 1002 1902 1³⁰

143 1929 281 1996 Mellaque
301 1929 420 1982 decussit
437 1929 516 1993 foliis,
535 1929 680 1997 ignemque
698 1929 822 1996 removit,

144 2005 180 2057 Et
198 2005 298 2072 passim
316 2005 380 2057 rivis
399 2005 536 2058 currentia
554 2005 615 2058 vina
632 2006 770 2074 repressit,

144 2081 184 2134 Ut
202 2081 289 2134 varias
307 2098 372 2134 usus
390 2081 549 2136 meditando
568 2082 733 2135 extunderet
751 2081 818 2134 artis

145 2157 287 2226 Paulatim,
307 2161 336 2212 et
355 2158 435 2210 sulcis
453 2159 583 2211 frumenti
602 2162 748 2227 quaereret
768 2157 888 2222 herbam,

144 2234 185 2287 Ut
203 2233 282 2287 silicis
302 2235 377 2288 venis
396 2235 550 2289 abstrusum
569 2235 719 2288 excuderet
736 2235 833 2302 ignem.
968 2253 1000 2291 iss

143 2311 218 2364 'lune
235 2311 309 2365 alnos
327 2313 445 2380 primum
464 2313 537 2365 fluvii
557 2329 665 2365 sensere
683 2314 809 2375 cavatas;

145 2387 245 2440 Navita
262 2399 322 2441 tuni
341 2389 427 2442 stellis
447 2407 573 2442 numeros
593 2392 622 2442 ct
640 2389 749 2442 nomina
766 2387 839 2453 fecit,

145 2464 277 2528 Pleiadas,
299 2466 417 2533 Hyadas
438 2467 593 2534 claramque
613 2465 743 2534 Lycaonis
763 2465 885 2527 rlrcton;

142 2541 211 2594 Tum
231 2541 333 2608 laqueis
352 2546 463 2611 captare
483 2543 563 2608 ieras
582 2547 611 2596 et
630 2542 724 2596 fallere
742 2542 814 2595 visco

144 2618 298 2684 Inventum,
318 2621 347 2671 et
365 2635 478 2686 magnos
498 2620 609 2672 canibus
629 2618 797 2672 circumdare
815 2617 906 2670 saltus.
970 2631 1004 2668 141

144 2697 239 2762 Atque
257 2695 324 2748 alius
344 2695 429 2748 latum
449 2697 533 2750 funda
551 2697 604 2750 iam
623 2697 751 2750 verberat
769 2712 883 2757 amnem,

143 2771 211 2824 Alta
229 2775 334 2838 petens,
353 2773 504 2842 pelagoque
523 2774 592 2828 alius
610 2774 696 2828 trahit
715 2772 828 2826 humida
845 2771 907 2824 lina.

145 2845 211 2900 lum
229 2848 295 2902 ferri
313 2851 387 2917 rigor
406 2855 488 2919 atque
508 2855 621 2920 argutae
639 2852 740 2904 lamina
758 2865 895 2914 serrae,-

145 2925 169 2976 N
171 2941 215 2976 am
233 2927 314 2994 primi
332 2929 423 2980 cuneis
442 2929 603 2982 scindebant
622 2929 704 2982 fissile
722 2928 858 2994 lignum-

147 3001 213 3055 Fum
231 3004 321 3056 variae
340 3021 439 3058 venere
457 3010 538 3058 artes.
576 3006 666 3058 Labor
686 3003 775 3057 omnia
793 3002 857 3055 vicit
977 3013 1007 3051 nr

145 3079 282 3148 Inprebus
302 3085 330 3134 et
349 3081 423 3134 duris
441 3099 559 3150 urguens
578 3084 604 3135 in
624 3082 706 3136 rebus
726 3083 842 3148 egestas.

146 3157 239 3210 Prima
259 3157 342 3210 Ceres
360 3157 433 3210 ferro
452 3160 574 3211 mortalis
592 3162 701 3211 vertere
718 3161 821 3210 terram

147 3232 281 3300 Instituit,
299 3249 360 3286 cum
378 3233 431 3286 iam
450 3234 564 3301 glandes
581 3238 665 3302 atque
683 3233 781 3286 arbuta
798 3246 891 3286 sacrae
