2274 3554
128 151 175 198 134
361 145 390 193 Ρ.
410 140 565 191 VERGILI
587 139 753 188 MARONIS

127 226 292 296 Delphinum
310 225 410 280 caudas
428 226 507 276 utero
526 221 669 274 commissa
687 220 818 288 luporum.

129 305 256 366 Praestat
274 302 404 355 Trinacrii
422 303 510 353 metas
529 298 648 350 lustrare
668 295 786 364 Pachyni

128 381 295 446 Cessantem,
313 378 408 445 longos
427 381 455 430 et
473 373 686 428 circumflectere
705 389 806 438 cursus,
948 387 984 428 reo

129 456 215 518 Quam
234 455 318 509 semel
336 455 481 508 informem
499 455 577 504 vasto
595 449 697 502 vidisse
715 449 766 503 sub
784 453 864 504 antro

128 532 242 600 Scyllam
261 535 290 585 et
306 531 438 584 caeruleis
456 527 568 582 canibus
586 527 743 579 resonantia
761 543 832 580 saxa.

130 609 283 675 Praeterea,
302 608 323 660 si
343 623 397 674 qua
416 609 459 658 cst
478 603 585 656 Heleno
603 601 756 670 prudentia,
776 603 831 656 vati

128 685 157 739 Si
176 702 230 754 qua
249 684 325 748 fides,
344 683 463 735 animum
483 681 505 732 si
524 680 597 732 veris
614 679 701 746 inplet
721 679 828 746 Apollo,

130 761 220 814 Unum
238 758 306 812 illud
324 757 383 825 tibi,
402 761 466 811 nate
485 757 545 823 dea,
563 772 669 825 proque
687 754 812 808 omnibus
829 772 913 808 unum
949 769 985 810 aa

129 836 293 901 Praedicam‚
306 838 334 887 ct
347 838 475 903 repetens
488 834 643 900 iterumque
655 832 812 900 iterumque
824 831 952 886 monebo:
1123 811 1125 872 l

130 912 239 964 Iunonis
257 927 372 978 magnae
390 910 507 977 primum
525 924 607 977 prece
624 923 724 960 numen
742 907 841 972 adora;

130 987 226 1041 lunoni
243 1003 309 1040 cano
327 991 391 1040 vota
408 985 495 1038 libens
514 985 707 1052 dominamque
724 986 865 1052 petentem

128 1063 300 1132 Supplioibus
318 1080 417 1134 supera
436 1062 527 1115 donis:
547 1061 586 1114 sic
604 1061 723 1128 deniquo
740 1059 826 1113 victor

128 1139 265 1194 Trinacria
283 1141 344 1193 finis
365 1140 450 1194 Italos
468 1139 579 1192 mittere
597 1138 700 1191 relicta.
947 1150 985 1192 uo

128 1216 191 1270 Huc
209 1217 257 1270 uhi
275 1217 383 1270 delatus
403 1216 550 1285 Cymaeam
568 1209 714 1268 accesseris
732 1215 828 1268 urbem

128 1291 295 1362 Divinosque
313 1293 388 1346 lacus
407 1297 436 1346 et
455 1294 566 1346 Averna
584 1291 709 1344 sonantia
728 1291 810 1359 silvis,

129 1368 256 1422 insanam
275 1372 366 1422 vatem
385 1369 508 1436 aspicies,
527 1385 598 1436 quaa
616 1384 685 1436 rupe
703 1366 755 1420 sub
772 1368 828 1421 ima

129 1443 199 1498 Fata
216 1445 290 1498 canit
308 1444 433 1511 foliisque
451 1447 531 1496 notas
550 1447 579 1496 et
596 1444 706 1496 nomina
723 1443 844 1497 mandat.

129 1519 321 1589 Quaecumque
339 1521 367 1573 in
385 1520 455 1572 loliis
475 1519 620 1588 descripsit
637 1519 757 1572 camnine
774 1519 859 1587 virgo,
949 1535 985 1574 aa
1094 1509 1104 1528 ‘

128 1597 236 1664 Digerit
254 1596 282 1649 in
302 1613 445 1649 numerum
464 1599 548 1663 atque
566 1600 645 1648 antro
664 1594 769 1647 seclusa
785 1595 924 1664 relinquit.

129 1673 182 1727 Illa
200 1677 312 1726 manent
330 1672 433 1725 inmota
451 1671 516 1724 locis
534 1688 622 1740 neque
640 1670 675 1724 ab
693 1669 788 1723 ordine
806 1671 921 1736 cedmrt3

124 1749 233 1803 -Verum
251 1748 354 1813 eadem,
373 1763 452 1801 verso
471 1748 561 1800 tenuis
579 1764 641 1800 curn
659 1745 771 1800 cardine
788 1749 886 1798 ventus

130 1826 235 1894 Inpulit
253 1829 281 1878 et
299 1828 409 1878 teneras
427 1823 550 1877 turbavit
566 1823 648 1876 ianua
665 1822 783 1888 frondes,

129 1902 285 1971 Numquam
304 1900 403 1955 deinde
421 1915 487 1953 cavo
505 1899 647 1952 volitantia
664 1897 800 1967 prendere
818 1911 891 1962 saxo,
948 1909 985 1949 rso

130 1979 155 2030 N
158 1995 188 2032 ee
206 1995 333 2032 revocare
351 1977 419 2031 situs
438 1979 486 2028 aut
503 1975 616 2043 iungere
634 1973 755 2029 carmina
772 1975 863 2027 curat:

131 2054 280 2110 Inconsulti
299 2053 409 2119 abeunt,
429 2051 578 2120 sedemque
596 2051 680 2106 odere
700 2050 822 2119 Sibyllae

132 2131 185 2184 Hic
203 2131 254 2185 tibi
272 2147 307 2184 ue
325 2146 380 2198 qua
397 2145 490 2182 morae
507 2128 609 2182 luerint
627 2126 772 2198 dispendia
788 2126 865 2192 tanti,

132 2207 258 2271 Quamvis
275 2207 440 2274 increpitent
457 2205 529 2272 socii,
548 2209 577 2260 et
595 2205 621 2259 vi
638 2222 734 2258 cursus
751 2205 778 2258 in
796 2204 881 2257 altum

132 2284 202 2336 Vela
218 2286 297 2336 vocet
314 2282 455 2350 possisque
473 2283 547 2335 sinus
564 2281 669 2350 inplere
687 2281 827 2346 secundos,
946 2284 983 2326 ὃὸ

133 2360 203 2424 Quin
221 2358 304 2412 adeas
322 2362 413 2411 vatcm
431 2357 610 2425 precibusque
628 2357 738 2410 oracula
754 2371 849 2424 poscas

128 2438 197 2506 ,Ipsa
214 2438 301 2501 canat,
320 2451 468 2503 vocemque
486 2434 579 2487 volens
597 2437 682 2501 atque
700 2449 748 2486 ora
764 2431 889 2486 resolvat

133 2513 186 2568 Illa
203 2511 254 2566 tibi
273 2511 369 2565 Italiae
386 2510 501 2580 populos
519 2512 689 2577 venturaque
707 2508 785 2576 bella,

133 2590 170 2652 Et
187 2605 240 2658 quo
259 2603 395 2656 quemque
413 2587 494 2640 modo
512 2587 655 2654 simiasque
672 2585 799 2654 ferasque
816 2583 945 2642 lahorem,

132 2664 276 2735 Expediet,
295 2680 444 2734 cursusque
463 2663 542 2716 dabit
559 2663 689 2716 venerata
707 2661 846 2715 secundos.
950 2675 986 2713 coo

134 2743 211 2796 Haec
229 2743 300 2808 sulit,
319 2757 389 2808 quae
407 2742 501 2793 nostra
518 2738 600 2792 liceat
616 2741 646 2791 te
663 2753 729 2791 voce
746 2737 854 2798 moneri,

133 2819 213 2872 Vade
230 2834 288 2886 age,
307 2821 336 2870 et
354 2816 494 2885 ingentem
512 2814 591 2868 lactis
608 2814 651 2867 ler
668 2814 704 2867 ad
721 2813 834 2868 aethera
851 2812 967 2866 Troiam.

169 2897 244 2960 Quae
262 2897 407 2962 postquam
425 2895 502 2945 vates
520 2891 559 2944 sic
577 2906 624 2944 ore
642 2889 740 2943 effatus
758 2889 844 2943 amieo
863 2892 914 2956 est,

134 2971 212 3026 Dona
229 2969 327 3024 dehinc
345 2985 411 3022 auro
429 2967 523 3036 gravia
541 2971 670 3035 sectoque
688 2965 834 3034 elephanto

134 3048 248 3116 Inperat
265 3045 301 3098 ad
319 3045 395 3099 navis
412 3044 487 3110 ferri,
505 3043 644 3110 stipatque
663 3042 759 3095 carinis
952 3052 988 3094 lea

134 3123 237 3191 Ingens
255 3125 407 3190 argentum,
426 3119 643 3186 Dodonaeosque
661 3117 775 3184 lebetas,

135 3197 258 3254 Loricam
276 3200 429 3254 consertam
446 3195 533 3254 hamis
551 3210 673 3267 auroque
690 3193 815 3261 trilicem,
