2274 3554
131 155 161 201 86
365 147 395 196 P.
414 147 568 196 VERGILI
586 148 750 198 MARONIS

131 232 244 297 Seditio,
264 230 406 298 saevitque
425 228 521 282 animis
539 228 659 297 ignobile
678 231 782 302 volgare,

24 303 27 309 “
132 309 247 376 Iamque
260 307 332 359 laces
346 311 374 358 et
386 323 450 358 saxa
463 307 554 359 volant
566 307 654 374 (furor
666 324 742 362 arma
753 309 916 382 ministrat);
952 329 987 370 ιω

131 386 207 450 Tum,
220 385 326 453 pietate
338 399 449 449 gravem
461 399 493 436 ae
506 384 611 436 meritis
625 384 647 436 si
659 384 731 438 forte
744 385 831 440 virum
844 405 926 456 quem

131 462 312 528 Conspexere,
333 459 420 525 silent,
439 460 609 528 arrectisque
627 460 740 514 auribus
758 462 885 530 adstant;

132 537 184 592 lllc
202 537 274 604 regit
291 536 374 588 dictis
393 537 504 602 animos,
522 541 553 588 et
571 541 683 604 pectora
702 539 817 594 mulcet:

131 614 176 668 sic
194 617 307 666 cunctus
326 613 414 680 pelagi
433 612 534 665 cecidit
551 613 652 682 fragor,
670 631 790 682 aequora
807 623 952 686 postquam

133 690 302 759 Pmspiciens
320 691 428 757 genitor
447 689 578 758 caeloque
596 691 720 744 invectus
739 699 835 760 aperto
953 711 984 748 itt

132 766 232 820 Flectit
251 783 336 835 equos
354 782 491 836 curruque
509 767 601 820 volans
620 767 669 820 dat
687 767 745 820 lora
762 769 890 823 secundo.

166 843 272 897 Defessi
294 843 448 910 Aeneadae,
468 860 538 912 quse
556 860 689 912 proxuma
707 844 794 910 litora,
812 862 893 899 eursu

131 919 310 975 {Jorrteudunt
327 924 429 988 potore,
448 925 476 974 et
496 919 596 988 Libyae
615 924 762 974 vertuntur
779 921 815 974 ad
832 937 900 975 oras.
952 977 964 1008 s

132 997 183 1050 Est
200 998 228 1050 in
246 1013 354 1050 secessu
372 996 452 1064 longo
471 996 558 1050 locus:
580 996 669 1050 insula
686 1000 796 1066 portum

132 1074 221 1128 ltfficit
238 1074 348 1127 obiectu
366 1073 490 1140 laterum,
510 1073 609 1142 quibus
628 1074 715 1126 omnis
732 1073 767 1127 ab
785 1074 842 1128 alto
950 1091 984 1129 res

132 1151 281 1219 Frangitur
298 1150 381 1218 inque
399 1150 475 1204 sinus
494 1150 593 1204 scindit
611 1166 671 1205 sese
689 1150 763 1204 unda
781 1151 925 1216 reductos,

134 1229 204 1281 Hinc
222 1231 305 1296 atque
323 1227 386 1281 hinc
404 1233 497 1280 vastae
516 1244 598 1296 rupes
615 1228 771 1296 geminique
789 1228 928 1282 minantur

133 1304 166 1357 ln
183 1304 288 1357 caelum
307 1303 416 1372 scopuli,
435 1321 550 1372 quorum
570 1304 621 1356 sub
640 1305 742 1357 vertice
761 1304 817 1357 late

132 1383 263 1449 Aequora
280 1384 342 1433 tuta
360 1380 456 1445 silont;
475 1385 534 1434 tum
554 1381 628 1433 silvis
647 1396 743 1433 scaena
761 1381 878 1433 coruscis

131 1454 257 1524 Desuper
269 1456 445 1524 horrentique
458 1460 547 1509 atrum
562 1472 657 1509 nemus
669 1455 794 1508 imminet
806 1455 918 1521 umbra;
948 1473 983 1511 mo

131 1532 233 1586 Fronte
252 1532 302 1585 sub
320 1533 435 1586 adversa
454 1533 570 1600 scopulis
587 1531 771 1600 pendentibus
789 1538 907 1598 antrum,

132 1609 212 1663 Intus
230 1626 316 1678 aquae
335 1609 428 1664 dulces
446 1609 561 1677 vivoque
580 1609 676 1661 sedilia
695 1624 766 1673 saxo,
901 1603 903 1606 ’

131 1685 318 1755 Nympharum
338 1685 448 1740 domus:
467 1685 510 1740 hic
528 1686 613 1738 lessus
631 1700 685 1736 non
704 1683 810 1736 vincula
827 1682 905 1735 navis

131 1763 194 1816 Ulla
212 1767 314 1828 tenent,
333 1780 402 1817 unco
420 1779 474 1815 non
492 1762 586 1828 alligat
604 1776 703 1812 ancora
721 1775 819 1812 morsu.

131 1839 193 1893 Huc
211 1844 315 1909 septem
337 1842 445 1892 Aeneas
461 1837 582 1892 collectis
599 1836 713 1889 navibus
730 1836 803 1888 omni
948 1848 983 1890 lte

131 1917 172 1969 Ex
190 1933 303 1970 numero
322 1915 410 1979 subit3
431 1931 462 1967 sc
481 1929 579 1980 magno
598 1913 705 1966 telluris
722 1928 813 1965 aurore

130 1993 240 2060 Egressi
258 1995 353 2061 optata
369 1991 513 2059 potiuntur
531 1990 615 2043 'l'rocs
633 2005 716 2043 arena

130 2069 167 2122 lit
185 2069 241 2122 sale
259 2068 379 2122 tabentis
396 2070 472 2119 artus
491 2066 519 2118 in
537 2065 617 2120 litore
635 2071 746 2135 ponunt.

131 2149 173 2198 Ac
190 2145 308 2214 primum
327 2143 393 2196 silici
412 2142 556 2196 scintillam
575 2144 687 2199 excudit
706 2145 826 2202 Achates

128 2221 311 2289 Succopitque
329 2219 420 2286 ignem
438 2219 510 2272 foliis
528 2226 612 2289 atque
630 2221 708 2274 arida
725 2223 825 2276 circum
946 2239 983 2280 1⁷5

131 2298 307 2350 Nutrimenta
325 2295 403 2348 dedit
421 2295 566 2365 rapuitque
583 2297 611 2350 in
630 2297 725 2350 fomite
743 2298 886 2354 flammam.

128 2375 197 2428 'lum
216 2373 344 2427 Cererem
363 2377 518 2441 corruptam
537 2373 618 2426 undis
637 2373 813 2441 Cerealiaque
830 2391 904 2429 arma

132 2450 289 2519 Expediunt
306 2449 370 2501 lessi
388 2466 487 2516 rerum,
507 2449 655 2518 frugesque
674 2455 799 2518 receptas

130 2527 166 2580 llt
184 2531 289 2579 torrere
307 2533 405 2593 parant
423 2525 539 2578 flammis
557 2530 586 2580 et
604 2527 731 2595 frangere
750 2543 822 2581 saxo.

165 2605 273 2656 Aeneas
291 2602 430 2670 scopulum
449 2603 556 2656 interea
573 2603 731 2656 conscendit
749 2607 778 2656 ct
796 2621 902 2656 omnem
948 2619 973 2656 1³

131 2680 308 2750 Prospectum
328 2677 383 2732 late
400 2679 498 2748 pelago
515 2680 596 2748 petit,
617 2679 728 2733 Anthea
746 2680 768 2732 si
787 2697 868 2748 quem

130 2757 265 2811 lactatum
284 2759 366 2810 vento
384 2757 476 2810 videat
496 2757 681 2825 Phrygiusque
700 2756 819 2821 biremis,

130 2837 189 2888 Aut
208 2834 307 2903 Capyn,
326 2837 374 2886 aut
392 2833 470 2887 celsis
488 2833 516 2886 in
534 2832 671 2902 puppibus
689 2849 765 2886 arma
784 2833 864 2887 Caici.

129 2910 233 2964 Navem
251 2911 279 2963 in
297 2914 444 2978 conspeetu
461 2909 571 2974 nullam,
590 2910 641 2962 tris
659 2909 740 2962 litore
758 2925 852 2962 cervos

129 2987 263 3056 Prospicit
281 2988 413 3052 errautis;
434 2986 484 3040 hos
502 2989 562 3039 tota
579 2989 702 3039 armenta
721 2988 872 3054 sequuntur
946 2999 982 3040 ise

129 3066 155 3117 A
174 3068 260 3132 tergo,
280 3068 308 3118 et
325 3064 435 3132 longum
453 3080 503 3132 per
520 3063 598 3116 vallis
615 3064 737 3131 pascitur
755 3077 861 3130 agmen.

127 3139 258 3195 Constitit
275 3139 326 3208 hic,
345 3156 492 3209 arcumque
510 3156 591 3192 manu
610 3140 761 3208 colerisque
779 3138 892 3206 sagittas

128 3215 274 3285 Corripuit,
293 3217 364 3271 lidus
382 3233 452 3287 quae
470 3215 526 3271 tela
542 3215 806 3284 gerebatAehates,
