2234 3554
105 157 150 204 922
330 154 356 199 P.
376 150 529 199 VERGILI
548 151 714 201 MARONIS

105 234 207 289 Arvina
225 231 324 300 pingui,
343 229 529 298 subiguntque
547 231 575 284 in
592 234 654 286 cote
671 247 796 298 secures;

103 311 239 378 Signaque
257 309 330 362 ferre
346 307 430 374 iurat,
450 307 608 376 sonitusque
625 308 721 362 audire
739 308 877 364 tubarum.

104 387 229 454 Quinque
246 384 317 438 adeo
334 400 448 451 magnae
466 384 562 452 positis
580 385 722 438 incudibus
739 385 823 438 urbes

103 463 169 516 Tela
185 467 294 528 novant,
314 461 400 514 Atina
416 465 516 530 potens
535 460 674 528 Tiburque
692 461 849 530 superbum,
919 474 956 512 ua)

107 539 199 592 Ardea
218 537 444 606 Crustumerique
464 540 493 591 et
510 538 662 605 turrigerae
681 538 844 590 Antemnae.

104 615 234 684 Tegmina
252 619 316 668 tuta
333 617 430 666 cavant
449 614 576 682 capitum,
595 613 763 682 flectuntque
781 613 899 680 salignas

105 692 259 746 Umbonum
277 691 374 755 eratis;
392 690 437 742 alii
455 690 581 743 thoracas
599 706 680 742 aenos

105 770 162 821 hut
180 769 247 822 leuis
265 783 358 820 ocreas
375 766 451 819 lento
468 765 571 818 ductant
590 769 717 834 argentm

106 845 230 897 l'omeris
247 843 300 896 huc
318 846 347 895 et
365 837 550 908 falcis'honoq
568 842 621 894 huc
638 841 725 894 omnis
742 840 827 894 aratri
920 854 957 892 uuo

103 919 193 973 Cessit
211 935 302 983 amor3
319 921 472 986 recoquunt
491 919 593 986 patrios
610 916 763 970 fornacibus
780 931 867 970 enses

104 994 223 1048 Classica
240 995 348 1063 ianrque
367 998 479 1057 sonant;
496 993 519 1046 it
538 994 609 1047 bello
626 996 732 1046 tessera
750 993 863 1059 signum.

103 1070 159 1124 Hic
176 1071 282 1139 galeam
300 1069 382 1124 tectis
399 1070 525 1138 trepidus
543 1070 629 1138 rapit;
646 1069 693 1122 ille
709 1068 852 1121 frementis

104 1147 151 1200 Ad
167 1147 231 1215 iuga
248 1146 322 1214 cogit
340 1163 440 1214 equ0s3
457 1147 628 1214 clipeumque
646 1160 766 1212 auroque
784 1144 900 1197 trilicem

103 1221 228 1277 Loricam
244 1223 375 1289 induitur,
394 1222 505 1290 fidoque
524 1222 674 1288 aecingitur
692 1237 765 1274 ense.
919 1233 956 1272 uro

139 1297 259 1351 Pandite
274 1315 347 1351 nunc
367 1298 505 1363 Helicona,
525 1297 601 1364 deae,
619 1300 770 1365 cantusque
788 1298 902 1361 moneta

52 1382 57 1390 ·
104 1373 157 1438 Qui
174 1374 246 1428 bello
263 1374 347 1427 exciti
365 1389 451 1441 reges,
471 1389 541 1441 quae
558 1389 694 1441 quemque
712 1376 822 1426 secutae

104 1449 265 1518 Oouplerint
281 1465 394 1518 campos
409 1450 487 1516 acies,
506 1448 605 1518 quibus
624 1448 697 1503 Itala
713 1449 768 1502 iam
786 1452 845 1502 tum

104 1525 242 1580 Flex-uerit
260 1529 336 1579 terra
354 1525 426 1578 alma
442 1525 515 1592 viris,
534 1524 634 1592 quibus
651 1525 750 1578 arserit
766 1525 863 1588 armis;

104 1602 140 1656 Et
158 1602 320 1656 meministis
336 1601 416 1667 enim,
435 1601 521 1668 divae,
539 1605 568 1655 et
585 1617 736 1656 memorare
754 1601 884 1670 potestis3
919 1615 956 1653 aa

105 1677 152 1732 Ad
170 1696 219 1732 nos
236 1679 281 1731 vix
298 1678 389 1731 tenuis
406 1678 497 1731 famae
513 1677 665 1745 perlabitur
683 1694 755 1732 aura.

140 1755 248 1808 Primus
265 1754 317 1807 init
334 1753 437 1807 bellum
457 1754 602 1822 Tyrrhenis
620 1769 700 1820 asper
717 1753 753 1806 ab
770 1753 825 1806 oris

105 1831 284 1898 contemptor
301 1830 392 1882 divum
410 1830 564 1884 Mezentius
581 1830 744 1897 agminaque
760 1831 856 1883 armat.

105 1907 190 1960 Filius
206 1906 270 1959 huic
286 1906 363 1959 iuxta
382 1906 495 1970 Lausus,
515 1921 569 1973 quo
586 1905 725 1973 pulchrior
741 1905 813 1958 alter

105 1983 130 2034 N
133 1999 167 2035 on
185 1983 244 2048 fuit,
263 1987 378 2049 excepto
397 1981 541 2034 laurentis
560 1997 673 2049 corpore
692 1981 783 2034 Turni.
923 1991 959 2032 ao

106 2059 217 2125 Lausus,
236 2075 337 2126 equum
356 2057 475 2111 domitor
493 2056 702 2124 debellatorque
719 2057 846 2124 ferarum,

105 2134 188 2188 Ducit
208 2134 335 2202 Agyllina
352 2134 517 2202 nequiquam
535 2149 569 2186 ex
586 2132 655 2186 urbe
673 2137 782 2187 secutos

105 2209 181 2263 Mille
198 2211 277 2276 viros,
296 2210 402 2277 dignus,
421 2209 519 2277 patriis
536 2209 584 2278 qui
601 2209 701 2264 laetior
717 2213 792 2264 esset

23 2315 27 2322 ·
106 2286 230 2354 Inperiis,
248 2289 278 2340 et
294 2287 338 2339 cui
354 2288 435 2354 pater
452 2285 526 2338 haud
544 2286 696 2339 Mezentius
714 2289 794 2340 esset.

142 2364 207 2416 Post
223 2362 273 2414 hos
290 2362 423 2429 insignem
441 2361 532 2429 palma
548 2378 598 2430 per
615 2362 740 2429 gramina
756 2377 866 2414 curnam
922 2375 957 2415 ces

106 2439 286 2505 Victoresque
304 2440 427 2490 ostentat
445 2453 530 2504 equos
548 2440 625 2490 satus
643 2438 764 2490 Hercule
780 2437 894 2504 pulchro

108 2514 223 2568 Pulcher
242 2513 404 2580 Aventinus,
421 2513 562 2580 clipeoque
580 2513 686 2580 insigne
703 2517 848 2582 paternum

107 2591 222 2644 Centum
238 2590 335 2656 anguis
352 2589 523 2658 cinctamque
539 2590 612 2656 gerit
628 2589 802 2657 serpentibus
820 2587 957 2656 Hydram:

107 2667 187 2720 Collis
207 2665 337 2719 Aventini
356 2665 422 2718 silva
441 2681 522 2732 quern
543 2666 620 2718 Rhea
638 2666 766 2720 sacerdos

107 2741 249 2795 llurtivurn
267 2745 348 2809 partu
366 2740 416 2795 sub
435 2741 544 2794 luminis
564 2741 651 2794 edidit
669 2758 738 2809 oras,
922 2755 959 2792 ocu

106 2816 195 2870 Mixta
213 2816 265 2870 deo
283 2817 388 2885 mulier,
406 2820 551 2884 postquam
572 2817 719 2870 Laurentia
735 2817 824 2870 victor

106 2892 229 2962 (lemene
247 2893 382 2946 exstincto
400 2892 556 2959 Tirynthius
573 2893 667 2959 attigit
685 2909 757 2958 arva,

106 2967 298 3036 Tyrrhenoque
315 2968 398 3021 bores
416 2970 443 3020 in
462 2967 572 3020 flurrrine
590 2967 658 3020 lavit
678 2969 804 3022 Hiberus.

108 3042 165 3094 Pila
183 3059 264 3096 manu
282 3059 430 3110 saevosque
447 3048 547 3108 gerunt
565 3043 592 3094 iu
610 3043 681 3096 bella
699 3044 818 3110 dolones,

107 3114 143 3168 llt
161 3118 245 3170 tereti
263 3122 385 3186 pugnant
403 3133 530 3168 mucrone
548 3133 668 3184 veruque
686 3119 801 3172 Sabello.
923 3132 959 3172 coe

108 3188 172 3256 Ipse
188 3191 281 3260 pedes,
298 3196 428 3259 tegumen
446 3195 576 3260 torquens
592 3193 700 3248 inmane
717 3195 810 3260 lconis,
