2234 3554
110 130 156 178 166
343 125 373 176 Ρ.
392 124 544 174 VERGILI
562 124 729 173 MARONIS

110 215 249 283 Instigant
268 212 375 282 studiis,
394 205 559 280 resonatque
578 212 733 280 fragoribus
751 213 853 266 aether.

101 292 150 346 *Hi
167 291 307 360 proprium
325 290 408 344 decus
427 294 456 342 et
474 295 585 358 partum
603 289 779 356 indignantur
796 290 926 344 honorem

110 366 147 421 Ni
164 370 285 434 teneant,
304 367 445 434 vitamque
465 365 560 418 volunt
579 382 629 434 pro
647 366 728 418 laude
746 367 858 434 pacisci3
931 383 968 422 asc

111 445 171 499 Hos
189 459 329 498 successus
347 441 413 496 alit:
432 445 555 511 possunt,
575 443 639 511 quia
655 460 734 511 posse
752 444 888 496 videntur.

111 521 148 575 Dt
164 521 221 574 fors
239 519 363 588 aequatis
381 520 518 586 cepissent
536 520 657 588 praemia
674 520 777 587 rostris,

112 598 147 651 Ni
164 598 269 666 palmas
286 601 371 665 ponto
390 595 508 652 tendens
528 600 660 665 utrasque
680 596 829 650 Cloanthus

111 674 295 741 Fudissetque
313 689 417 740 preces,
437 672 570 742 divosque
589 673 617 725 iu
636 677 699 726 rota
716 679 852 726 vocasset:

111 751 153 817 Di,
168 749 267 819 quibus
284 751 420 818 inperium
438 750 529 818 pelagi
548 755 598 817 est,
615 767 731 820 quorum
748 765 867 818 aequora
882 765 966 811 curro,

111 827 196 880 Vobis
215 827 303 880 laetus
321 843 371 895 ego
389 827 440 880 hoc
458 828 622 880 candentem
640 829 668 880 in
686 828 766 881 litore
784 829 893 879 taurum

111 903 282 956 Constituam
301 908 365 957 ante
383 921 452 972 aras,
472 905 528 957 voti
547 921 617 972 reus,
637 908 755 973 extaque
773 904 857 957 salsos

111 979 258 1034 Porriciam
276 981 304 1034 in
322 981 421 1034 fluctus
441 985 470 1034 et
488 982 550 1034 vina
569 982 702 1049 liquentia
719 981 838 1034 fundam.

111 1056 196 1123 Dixit,
215 1074 332 1126 eumque
350 1059 412 1112 imis
431 1058 482 1112 sub
502 1057 629 1111 fluctibus
648 1059 734 1111 audiit
752 1058 838 1111 omnis

110 1132 262 1190 Nereidum
282 1135 434 1204 Phorcique
452 1136 549 1188 chorus
570 1135 748 1204 Panopeaque
769 1135 851 1202 virgo,
934 1147 970 1186 aa

111 1209 147 1263 lit
164 1214 244 1278 pater
262 1211 321 1279 ipse
338 1227 421 1264 manu
439 1228 537 1278 magna
556 1212 693 1264 Portunus
711 1214 822 1264 cuntem

112 1287 229 1354 Inpulit3
248 1288 294 1340 illa
313 1288 339 1340 N
341 1291 387 1340 oto
407 1289 487 1341 citius
505 1287 662 1356 volucrique
681 1288 781 1355 sagitta

112 1363 159 1415 Ad
177 1367 279 1416 terram
297 1365 375 1432 fugit,
395 1367 424 1416 et
442 1367 525 1432 portu
544 1381 573 1417 se
592 1365 713 1417 condidit
731 1363 794 1417 alte.

112 1439 179 1492 'lum
198 1445 274 1493 satus
294 1441 422 1508 Anchisa,
442 1441 546 1493 cunctis
565 1457 599 1494 ex
617 1457 694 1494 more
714 1441 822 1508 vocatis,

112 1515 252 1568 Victorem
271 1532 369 1583 magna
386 1517 527 1584 praeconis
545 1533 610 1570 voce
631 1516 794 1570 Cloanthum
935 1528 973 1570 aas

112 1591 249 1659 Declarat,
268 1591 402 1659 viridique
423 1592 533 1646 advelat
553 1595 677 1662 tempora
695 1593 786 1658 lauro;

113 1667 284 1737 Muneraquc
302 1669 331 1721 iu
349 1670 425 1722 navis
445 1673 538 1722 ternos
557 1673 653 1738 optare
671 1671 797 1723 iuvencos

113 1745 238 1813 Vinaque
257 1749 286 1798 et
304 1746 412 1813 argenti
432 1763 561 1814 magnum
581 1746 631 1800 dat
647 1747 720 1799 ferre
738 1746 879 1800 talentum.

114 1821 186 1889 Ipsis
203 1823 363 1890 praecipuos
382 1822 542 1876 ductoribus
563 1823 641 1876 addit
658 1824 788 1876 honores:

114 1897 219 1951 Victori
237 1899 406 1967 chlamydem
426 1903 558 1965 auratam,
580 1916 661 1968 quam
676 1898 794 1967 plurima
806 1897 907 1951 circum
935 1909 973 1950 2⁵⁰

114 1973 239 2042 Purpura
257 1975 406 2028 Maeandro
425 1975 527 2044 duplici
546 1970 682 2028 Meliboea
699 1975 826 2042 cucurrit,

115 2051 297 2118 Intentusque
316 2068 384 2120 puer
402 2053 532 2105 frondosa
550 2052 642 2119 regius
662 2049 714 2102 ida

114 2127 222 2181 Veloeis
240 2129 327 2182 iaculo
344 2145 438 2182 cervos
455 2146 591 2197 cursuque
608 2128 714 2195 fatigat,

117 2206 197 2270 Acer,
215 2204 354 2258 anhelanti
373 2207 475 2272 similis,
495 2222 576 2274 quem
595 2220 709 2272 praepes
727 2203 762 2257 ab
781 2203 834 2256 Ida

115 2279 262 2335 Sublimem
282 2281 399 2349 pedibus
417 2283 509 2350 rapuit
529 2281 602 2334 loris
620 2281 738 2347 armiger
755 2280 845 2344 uncis;
939 2292 974 2331 25⁵

116 2357 252 2424 Leugaevi
270 2357 374 2424 palmas
392 2359 558 2426 nequiquam
576 2357 612 2410 ad
630 2357 720 2410 sidera
737 2356 857 2410 tendunt

117 2433 257 2498 Custodes,
276 2434 417 2502 saevitque
438 2450 537 2486 canum
555 2434 673 2487 latratus
691 2434 718 2485 in
737 2449 823 2487 auras.

117 2511 157 2562 At
176 2509 222 2577 qui
241 2509 341 2563 deinde
359 2509 448 2563 locum
467 2509 557 2564 tenuit
575 2510 678 2563 virtute
696 2509 852 2574 secundum,

118 2586 235 2638 Levibus
254 2586 317 2639 huic
335 2587 423 2640 hamis
442 2591 596 2642 consertam
614 2603 736 2655 auroque
754 2587 870 2640 trilicem

119 2663 249 2729 Loricam,
269 2680 352 2731 quam
372 2663 503 2717 Demoleo
522 2663 682 2718 detraxerat
699 2663 758 2730 ipse
942 2657 991 2712 aaa

119 2738 214 2792 Victor
231 2739 305 2807 apud
323 2739 449 2807 rapidum
469 2741 608 2794 Simoenta
626 2739 677 2792 snb
697 2739 748 2792 llio
766 2739 829 2804 alte,

118 2814 209 2868 Donat
227 2815 329 2869 habore
348 2815 417 2884 rire,
435 2816 520 2870 decus
539 2821 569 2870 et
586 2819 709 2869 tutamen
727 2815 755 2866 in
774 2815 863 2867 armis.

118 2890 173 2942 Vix
191 2891 265 2944 illam
283 2892 376 2945 famuli
396 2893 522 2961 Phegeus
542 2891 706 2959 Sagarisque
724 2890 851 2944 ferebant

119 2967 307 3035 Multiplicem,
326 2969 434 3022 connixi
451 2969 587 3032 humeris;
604 2968 717 3020 indutus
736 2970 765 3020 at
783 2967 848 3020 olim

120 3043 265 3096 Demoleos
283 3061 365 3098 cursu
382 3045 499 3113 palantis
519 3045 602 3096 Troas
620 3042 726 3111 agebat.
947 3053 978 3092 sn

120 3118 212 3171 Tertia
230 3119 301 3173 dona
318 3121 384 3173 facit
401 3121 524 3187 geminos
543 3136 577 3172 ex
596 3136 659 3172 aere
676 3117 790 3184 lebetas,

121 3192 288 3263 Dymbiaque
306 3199 420 3264 argento
437 3195 560 3264 perfecta
577 3199 661 3263 atque
678 3211 774 3262 aspera
793 3195 883 3261 signis.
