2242 3550
383 174 588 224 GEORGICON
606 176 675 225 LlB.
694 175 747 224 111.
963 176 994 222 53

138 253 233 323 Atque
251 253 295 310 bie
312 255 463 308 undantem
482 255 553 308 bello
572 273 756 325 ruagnunrque
775 255 904 309 fluentem

136 329 230 384 Nilum
250 349 281 386 ac
299 332 388 384 navali
408 337 546 399 surgenus
564 349 627 385 aere
646 333 790 387 columnas.

137 407 249 460 Addam
268 408 349 460 urbes
371 408 454 460 Asiae
473 408 591 461 domitas
610 409 772 476 pulsumque
792 410 930 476 Niphaten
969 419 996 460 ω

103 537 106 542 ,
136 484 337 551 Fidentemque
356 485 419 550 iuga
439 483 573 537 Parthum
593 486 733 552 versisque
752 485 867 551 sagittis,

136 560 173 614 Et
191 561 246 612 due
265 568 344 628 rapta
364 577 445 612 numu
466 561 574 613 diverso
594 579 628 614 ex
647 560 726 613 hoste
744 566 856 630 tropaea

136 638 238 705 Bisque
257 638 440 704 triumphatas
459 643 577 706 utroque
597 637 632 690 ab
651 637 731 690 litere
750 639 847 702 gentis.

135 715 256 767 Stabunt
274 718 304 767 et
324 713 395 765 Parii
415 713 525 782 lapides,
545 716 677 783 spirantia
694 714 779 782 signa,

137 789 264 844 Assaraci
282 791 373 860 proles
392 790 583 860 demissaeque
602 792 637 844 ab
657 791 722 844 Iove
740 793 831 859 gentis
970 807 994 846 aa

134 867 260 932 Nomina,
280 867 403 936 'l'resque
421 885 528 936 parens,
548 873 577 922 ct
596 868 692 922 Troiae
711 869 843 935 Cynthius
861 872 962 922 auctor.

138 943 244 998 invidia
262 943 356 998 infelix
377 945 474 997 Furias
492 961 655 1013 amnemque
674 962 797 998 severum

135 1021 229 1088 Cocyti
248 1025 355 1074 metuet
374 1027 519 1089 tortosque
540 1021 644 1074 ixionis
663 1022 758 1088 anguis

136 1097 334 1166 inmanemque
355 1103 450 1164 rotam,
470 1103 499 1151 et
517 1115 570 1150 neu
591 1097 781 1166 exsuperabile
799 1114 901 1150 saxum.

135 1174 249 1228 Interea
268 1175 408 1242 Dryadum
428 1175 509 1228 silvas
529 1176 670 1242 saltusque
689 1191 835 1241 sequamur
972 1199 995 1238 4⁰

136 1251 267 1318 Intactas,
287 1256 342 1318 tua,
364 1251 515 1319 Maecenas,
535 1251 609 1304 haud
628 1251 720 1305 mollia
737 1251 817 1304 iussa

135 1327 174 1380 Te
192 1328 251 1380 sine
270 1328 308 1380 nil
328 1329 414 1381 altum
434 1345 511 1381 mens
530 1329 653 1383 inchoat:
673 1346 706 1382 eu
725 1345 783 1396 age,
802 1327 891 1394 segnis

136 1403 245 1472 ltumpe
263 1421 368 1468 moras;
388 1409 466 1457 vocat
485 1405 590 1472 ingenti
610 1406 727 1458 clamere
747 1405 893 1458 Cithaeron

135 1480 304 1550 Taygetique
316 1498 404 1544 canes
424 1481 611 1550 domitrixque
632 1482 785 1550 Epidaurus
804 1496 945 1548 equorum,

137 1557 172 1610 Et
193 1573 244 1609 vox
263 1557 382 1610 adsensu
401 1575 542 1612 nemorum
563 1560 728 1626 ingeminata
746 1558 870 1624 remugit.
971 1570 996 1610 et

136 1633 201 1686 hieu
221 1639 313 1687 tamen
333 1634 455 1701 ardentis
475 1637 601 1702 accingar
620 1636 711 1689 dicere
730 1651 835 1703 pugnas

135 1711 266 1776 (laesuris,
288 1716 317 1764 et
336 1727 433 1764 nomen
454 1713 526 1765 fama
545 1716 587 1765 tot
606 1713 677 1765 ferre
697 1729 746 1780 per
764 1726 854 1776 tannes,

134 1786 244 1840 Tithoni
264 1788 351 1855 prima
371 1794 437 1860 quot
457 1788 535 1841 ahest
554 1789 588 1840 ab
607 1789 711 1855 origine
731 1790 836 1840 Caesar.

170 1863 224 1916 Seu
243 1866 311 1932 quis,
333 1864 505 1932 Olympiacae
525 1866 640 1917 miratus
661 1866 782 1932 praemia
800 1864 913 1931 palmae,

135 1939 227 1994 Pascit
247 1957 338 2009 equiria,
357 1957 405 1994 seu
424 1943 485 2010 quis
504 1942 582 1994 fertis
602 1941 637 1993 ad
656 1946 748 1993 matra
766 1941 899 2005 iuvencos,
970 1955 994 1994 te

134 2017 257 2086 Corpora
275 2019 421 2086 praecipue
440 2023 558 2071 matrum
577 2018 660 2084 legat
701 2017 822 2084 Optuma
839 2020 933 2068 torvae

135 2093 157 2146 F
159 2109 236 2147 orma
254 2094 338 2161 bovis,
359 2095 402 2148 cui
421 2099 505 2164 turpe
523 2099 612 2162 eaput,
632 2095 674 2146 eui
694 2093 812 2162 plurima
830 2092 929 2158 cervix,

135 2172 172 2224 lit
191 2187 299 2224 crurum
319 2178 399 2225 tenus
419 2189 436 2224 a
454 2177 546 2225 mento
565 2171 685 2239 palearia
703 2169 839 2238 pendent;

135 2247 203 2300 Tum
222 2247 301 2316 longe
322 2249 510 2302 mrlluslateri
531 2248 642 2312 modus,
660 2246 749 2299 omnia
767 2262 872 2312 magna,

136 2323 189 2376 Pes
208 2327 306 2390 etiam3
324 2331 353 2378 et
372 2327 489 2378 carueris
508 2325 598 2378 hirtae
618 2322 813 2377 subeuntibus
831 2338 917 2374 aures.
970 2335 994 2374 tt

135 2401 194 2454 Nec
213 2402 277 2454 mihi
298 2402 441 2470 displiceat
461 2402 572 2456 maculis
591 2401 705 2468 insignis
723 2405 751 2453 et
770 2399 838 2464 albo,

136 2479 195 2531 Aut
212 2479 275 2545 iuga
294 2479 450 2532 detrectans
470 2478 666 2547 interdumque
684 2494 781 2545 aspera
798 2491 889 2540 cornu,

135 2556 171 2608 Et
189 2556 285 2609 t'aeiem
304 2559 383 2608 tauro
403 2557 521 2624 propior,
544 2571 668 2624 quaeque
687 2555 773 2607 ardua
791 2555 858 2618 teta,

135 2633 171 2685 llt
189 2633 317 2700 gradiens
335 2633 390 2686 ima
411 2634 495 2686 verrit
514 2633 630 2699 vestigia
649 2631 743 2685 cauda.
822 2635 826 2644 '

135 2711 222 2762 Aetas
241 2710 532 2780 Lucinamiustesque
553 2710 610 2778 pati
623 2709 790 2777 hymenaeos
971 2715 995 2754 θῡ

134 2786 242 2839 Desinit
260 2793 325 2840 auto
346 2789 449 2856 decom,
468 2793 531 2858 pest
551 2790 683 2856 quattuor
702 2785 796 2851 incipit
814 2798 914 2846 annos;

134 2861 234 2916 Cetera
251 2881 302 2918 nee
322 2865 430 2917 feturae
450 2864 556 2930 habilis,
576 2880 627 2917 nec
646 2863 724 2915 fortis
743 2861 848 2912 aratris.

135 2940 254 3008 Interea,
275 2946 387 3010 superat
406 2943 535 3010 gregibus
556 2942 621 2994 dum
641 2940 714 2992 laeta
731 2938 863 3000 iuventas,

135 3017 214 3071 Solve
234 3035 341 3084 mares3
359 3021 439 3072 mitte
458 3020 485 3070 in
506 3019 645 3071 Venerem
665 3016 792 3086 pecuaria
810 3013 921 3082 primus,

136 3097 231 3162 Atque
250 3095 331 3147 aliam
350 3112 384 3148 ex
403 3095 455 3148 alia
473 3095 629 3162 generando
649 3093 740 3146 suffice
761 3091 871 3160 prolem.
971 3103 995 3142 aa

135 3171 258 3239 Optuma
277 3188 402 3239 quaeque
421 3172 481 3223 dies
499 3172 606 3223 miseris
624 3169 785 3222 mortalibus
804 3166 863 3220 aevi

137 3249 230 3301 Prima
246 3247 333 3314 fugit;
351 3249 469 3300 subeunt
487 3247 574 3300 morbi
593 3247 737 3312 tristisque
756 3247 888 3308 senectus,
