2242 3550
84 135 98 176 a
325 128 353 176 Ρ,
374 128 526 176 VERGILI
544 128 710 178 MARONIS

82 210 124 262 M.
144 209 241 276 Cogite
259 208 323 276 evis,
342 209 436 276 pueri;
455 209 477 261 si
496 208 537 261 lac
555 209 728 278 praeceperit
746 216 846 278 aestus,

83 285 123 339 Ut
141 303 236 353 nuper,
254 285 357 338 frustra
376 284 561 353 pressabimus
580 286 666 340 ubera
685 287 788 354 palmis.

117 362 155 417 D.
164 362 235 428 Heu,
244 361 305 427 heu,
315 361 934 430 quampinguimacerestmihitaurusiuervei

84 440 164 493 Idem
182 455 258 492 amer
276 438 391 492 exitium
410 438 501 504 pecori
519 439 680 507 pecorisque
699 442 838 509 magistre.
900 458 935 496 101

83 516 124 571 M.
139 517 191 568 His
199 519 274 569 certe
285 532 376 584 neque
385 531 461 567 amor
470 531 566 567 caussa
576 518 633 580 cst;
643 517 688 568 vix
698 518 805 572 essibus
814 519 936 572 haerent.

83 592 182 646 Nescio
200 593 261 659 quis
279 596 389 645 teneros
409 591 502 644 oculus
520 591 587 642 mihi
605 591 720 646 fascinat
739 610 835 662 agnes.

118 669 155 722 D.
172 668 339 737 Dic‚=quibus
347 668 374 719 in
383 668 531 720 terris-ct
539 667 594 720 cris
602 668 669 720 mihi
679 683 794 736 magnus
803 670 938 740 Apollo-

83 745 143 798 Tris
161 749 256 813 pateat
275 744 342 798 caeli
361 743 479 811 spatium
498 759 552 795 nen
570 744 686 812 amplius
703 745 788 800 ulnas.
902 761 938 799 105

82 821 124 876 M.
144 821 202 888 Dic,
222 821 322 889 quibus
340 820 368 872 in
387 818 470 890 terris
489 819 614 887 inscripti
632 820 742 872 nemina
760 838 856 888 regum

83 897 237 951 Nascantur
255 896 343 962 fleres,
362 899 391 948 et
411 894 534 962 Phyllida
552 895 624 948 solus
643 895 750 950 habete.

117 974 154 1028 P.
174 973 236 1025 Non
254 975 377 1024 nestrum
395 971 469 1024 inter
487 987 535 1024 vos
552 975 645 1025 tantas
663 988 815 1042 conponere
834 973 905 1028 lites.

84 1049 120 1102 Et
138 1049 224 1102 vitula
241 1052 273 1101 tu
291 1048 396 1115 dignus,
416 1050 445 1103 et
463 1047 514 1115 hic,
534 1052 562 1101 et
581 1048 703 1116 quisquis
721 1065 828 1104 anreres

84 1127 142 1182 Aut
160 1128 267 1181 metuet
285 1123 378 1191 dulcis,
397 1128 444 1178 aut
463 1125 622 1192 experietur
640 1142 752 1179 amares.
909 1141 942 1180 ne

83 1201 211 1256 Claudite
227 1203 281 1260 iam
299 1203 379 1269 rives,
397 1202 490 1270 pueri:
510 1205 552 1258 sat
570 1206 651 1269 prata
669 1202 807 1259 biberunt.

367 1423 392 1478 Ε
402 1422 425 1479 Ο
435 1423 460 1478 L
470 1423 496 1478 O
506 1423 533 1480 G
543 1425 574 1478 A
599 1423 657 1480 IV.

440 1551 579 1599 POLLIO.

85 1667 232 1722 Srernrnns
250 1665 354 1733 Musae,
372 1665 453 1734 paulo
471 1665 574 1720 maiora
591 1668 732 1720 canamus!

85 1744 147 1798 Non
165 1742 252 1797 omnis
269 1745 381 1795 arbusta
399 1741 492 1794 iuvant
510 1741 681 1808 humilesque
700 1739 834 1807 myricae;

86 1821 114 1874 si
133 1820 253 1873 canimus
272 1818 360 1885 silvas,
379 1817 462 1870 silvae
480 1817 537 1870 sint
556 1816 672 1872 Consule
692 1816 798 1883 dignae.

120 1897 226 1950 Ultima
244 1895 353 1961 Cymaei
371 1894 446 1946 venit
464 1893 518 1947 iam
537 1893 665 1946 carminis
683 1896 774 1956 aetas;

86 1974 202 2040 Magnus
219 1971 254 2024 ab
272 1971 380 2037 integro
399 1969 547 2024 saeclorum
567 1969 688 2022 nascitur
706 1969 781 2022 orde.
929 1983 941 2021 s
965 1992 967 1996 ·

87 2050 147 2103 lam
165 2047 240 2104 redit
258 2049 287 2099 et
306 2046 399 2114 Virgo,
418 2045 537 2100 redeunt
555 2046 684 2100 Saturnia
701 2062 802 2113 regnem

88 2127 147 2178 lam
165 2142 235 2178 nova
253 2124 398 2193 progenies
417 2123 491 2176 caelo
510 2123 667 2178 demittitur
686 2123 748 2176 alto.

87 2203 128 2257 Tu
145 2202 225 2255 mode
243 2200 365 2274 nascenti
384 2216 476 2267 puero,
495 2215 549 2267 quo
568 2199 657 2252 ferrea
675 2200 793 2267 primurn

88 2278 201 2331 Desinet
219 2294 250 2330 ac
268 2279 326 2329 tete
346 2279 439 2342 surget
457 2293 525 2342 gens
544 2291 627 2327 aurea
644 2275 754 2338 munde,

88 2355 170 2412 Casta
187 2354 247 2406 fave
267 2352 381 2406 Lucina:
400 2355 464 2404 tuus
482 2352 537 2404 iam
556 2354 654 2417 regnat
674 2350 779 2417 Apelle.

88 2431 180 2498 Teque
199 2429 267 2482 adeo
286 2428 368 2484 decus
386 2427 437 2480 hee
455 2426 521 2492 aevi,
539 2429 568 2479 to
589 2425 712 2492 Consule,
731 2424 818 2491 inibit,

89 2507 181 2574 Pollio,
200 2510 229 2560 ct
246 2505 376 2572 incipient
394 2503 485 2570 magni
504 2502 653 2570 precedere
672 2517 794 2566 menses;

88 2583 126 2636 Te
144 2583 220 2649 duee,
239 2582 261 2633 si
280 2597 334 2648 qua
352 2582 463 2632 manent
483 2579 591 2634 sceleris
611 2577 725 2644 vestigia
744 2575 837 2644 nestri,

90 2659 179 2713 Inrita
196 2661 330 2726 perpetue
347 2656 452 2708 solvent
471 2655 616 2708 formidine
635 2658 729 2708 terres.

90 2735 142 2789 Ille
160 2735 241 2788 deum
259 2733 343 2786 vitam
361 2733 475 2800 accipiet
494 2732 617 2799 dirisque
636 2731 740 2786 videbit
920 2739 944 2780 15

91 2811 244 2865 Permixtes
262 2811 357 2864 heroas
376 2810 480 2878 etipse
500 2807 638 2861 videbitur
658 2807 717 2874 illis,

92 2887 276 2954 Paestumque
293 2890 372 2954 reget
389 2885 485 2955 patriis
504 2884 652 2937 virtutibus
671 2883 770 2936 orbem.

92 2965 132 3020 At
149 2963 199 3017 tibi
217 2964 312 3032 prima,
329 2980 405 3032 puer,
423 2962 497 3016 nulle
516 2961 674 3014 munuscula
693 2959 767 3012 cultu

91 3041 214 3098 tarrantis
231 3039 348 3094 hederas
366 3038 466 3108 passim
485 3053 547 3092 eum
565 3036 696 3090 baccllare
714 3034 795 3088 tellus

91 3117 234 3186 Mixtaque
251 3115 353 3170 ridenti
372 3115 502 3170 colocasia
519 3114 616 3168 fundet
635 3112 757 3167 acantho.
921 3120 944 3166 ω

93 3193 173 3250 ’Ἥ
191 3192 262 3252 lacte
280 3192 390 3250 dernum
409 3194 529 3250 referent
548 3190 669 3243 distenta
687 3185 807 3258 capellae
