2234 3554
129 129 175 176 l90
360 130 390 178 P.
408 129 562 178 VERGILI
580 131 746 180 MARONIS

163 206 246 260 Ibant
264 206 371 260 obscuri
389 207 446 262 sola
464 209 515 263 sub
533 213 614 263 nocte
631 226 682 278 per
698 208 832 279 umbram,

128 281 237 352 Perque
254 283 349 337 domos
368 283 440 338 Ditis
458 301 556 339 vacuas
574 289 603 339 et
620 285 711 340 inania
727 302 842 354 regnaz.

128 359 214 424 Quale
230 377 280 428 per
297 360 429 414 incertam
446 361 538 414 lunam
556 361 607 415 sub
625 362 684 415 luce
702 361 822 430 maligna
944 379 979 421 πο

127 435 178 490 nst
195 436 250 490 iter
267 437 295 489 in
313 437 395 505 silvis,
413 437 461 490 ubi
479 438 583 491 caelum
602 437 726 491 condidit
743 437 841 491 umbra

128 511 260 580 Iuppiter,
279 517 307 566 et
324 513 408 566 rebus
425 531 479 566 nox
497 513 611 568 abstulit
629 518 691 568 atra
709 514 834 568 colorem.

127 587 300 642 Vestibulum
319 595 383 642 ante
401 590 490 658 ipsum
508 591 656 658 primisque
674 590 702 642 in
720 589 843 643 faucibus
862 589 925 644 Orci

126 665 229 718 Luctus
248 669 277 718 et
295 665 406 719 ultrices
424 682 539 734 posuere
556 666 655 720 cubilia
675 666 779 732 Curae;

127 741 318 810 Pallentesque
336 741 462 795 habitant
480 742 579 807 Morbi,
598 743 741 811 tristisque
761 743 902 811 Senectus,
941 759 978 800 aaa

21 846 23 850 ·
126 816 163 870 nt
181 817 280 882 Metus,
301 820 330 870 et
347 817 504 871 malesuada
523 818 628 887 Fames,
646 835 677 872 ao
694 819 784 887 turpis
802 818 926 888 Egestas,

126 893 272 946 Terribiles
289 893 349 946 visu
366 893 478 961 formae,
496 893 657 963 Letumque,
676 893 835 964 Labosquo;

125 969 193 1022 Tum
211 970 425 1038 consanguineus
444 971 506 1025 Leti
525 971 617 1039 Sopor,
636 974 665 1025 et
682 970 755 1024 mala
772 971 873 1026 mentis

124 1045 239 1114 Gaudia,
257 1045 483 1115 mortiferumque
501 1047 616 1101 adverso
633 1047 661 1104 in
679 1047 772 1101 limine
790 1047 906 1116 Bellum,

125 1121 274 1191 Fen-eique
286 1123 466 1176 Eumenidum
478 1123 598 1190 thalami,
611 1126 640 1177 et
652 1124 795 1177 Discordia
807 1124 927 1195 deniens,
939 1140 976 1180 aso

125 1198 274 1267 Vipereurn
292 1199 394 1252 crinem
412 1199 489 1253 vittis
506 1199 606 1253 innexa
623 1201 751 1254 cruentis.

159 1275 193 1328 In
211 1275 302 1328 medio
320 1292 409 1328 raruos
427 1293 584 1344 annosaque
602 1275 728 1330 bracchia
745 1275 843 1346 pandit

123 1350 221 1404 Ulmus
239 1368 329 1420 opaca,
347 1352 450 1418 ingens,
470 1368 551 1420 quam
570 1351 663 1405 sedem
683 1353 792 1406 Somnia
809 1353 888 1422 volgo

124 1427 203 1480 Vana
220 1432 316 1480 tenere
333 1427 433 1494 ferunt,
451 1427 577 1496 foliisque
597 1427 648 1481 sub
666 1428 791 1482 omnibus
808 1429 929 1484 haerent.

123 1503 266 1572 Multaque
283 1507 426 1571 praeterea
444 1504 579 1558 variarum
597 1509 719 1558 monstra
736 1505 858 1558 ferarum
938 1522 975 1560 aas

124 1579 253 1633 Centauri
270 1581 298 1632 in
315 1579 417 1632 foribus
436 1579 576 1634 stabulant
595 1581 754 1650 Scyllaeque
772 1581 901 1636 biformes

124 1656 160 1710 Et
178 1657 410 1723 centumgeminus
429 1655 557 1709 Briareus
575 1673 606 1709 ae
624 1655 704 1710 belua
723 1657 835 1725 hernae,

124 1732 299 1786 Horrendum
318 1731 445 1798 stridens,
464 1731 632 1800 flammisque
650 1737 756 1786 armata
774 1733 924 1803 Chimaera,

124 1809 264 1876 Gorgones
284 1809 475 1876 Harpyiaeque
495 1811 524 1860 ot
541 1807 629 1861 forma
646 1809 804 1878 tricorporis
821 1810 943 1865 umbme.

123 1885 243 1954 Corripit
260 1885 303 1938 hic
322 1885 412 1938 subita
430 1884 554 1952 trepidus
572 1884 718 1938 formidine
735 1885 838 1938 fernim
937 1901 975 1939 aon

124 1963 240 2028 Aeneas,
257 1962 436 2030 strictamque
453 1961 537 2014 aciem
556 1961 728 2014 venientibus
746 1961 833 2028 offert,

124 2038 167 2103 Et,
185 2039 213 2092 ni
231 2039 312 2092 docta
328 2053 419 2091 eomes
438 2038 526 2090 tenuis
545 2037 603 2090 sine
621 2053 735 2106 corpore
752 2038 822 2090 vitae

124 2115 281 2168 Admoneat
298 2114 412 2168 volitare
429 2129 494 2166 cava
511 2112 562 2166 snb
581 2112 698 2180 imagine
715 2114 827 2180 formae,

123 2191 227 2256 inruat,
246 2194 275 2244 et
292 2191 393 2244 frustra
410 2189 483 2242 ferro
501 2188 657 2242 diverberet
674 2189 792 2243 umbras.

158 2267 231 2322 Hine
242 2268 293 2331 via,
307 2266 430 2320 Tartarei
442 2281 513 2334 quae
525 2265 582 2318 lert
594 2264 758 2319 Acherontis
770 2265 806 2319 ad
818 2266 913 2319 undas
939 2281 975 2320 aaa

122 2337 260 2397 Turbidus
277 2343 322 2395 hio
339 2357 422 2396 caeno
441 2345 572 2410 vastaque
590 2342 718 2410 voragine
735 2358 836 2410 gurges

123 2422 243 2474 Aestuat
260 2422 343 2486 atque
361 2433 469 2470 omnem
488 2417 588 2486 Cocyto
606 2422 713 2472 eructat
731 2435 850 2472 aronam.

124 2496 246 2550 Portitor
262 2494 312 2547 has
329 2493 481 2546 horrendus
499 2509 584 2562 aquas
602 2498 631 2548 et
648 2494 759 2548 flumina
777 2497 869 2548 servat

123 2571 250 2626 Terribili
267 2569 392 2638 squalore
410 2569 524 2636 Charon,
542 2569 585 2622 eui
602 2570 719 2638 plurima
735 2574 829 2624 mente

124 2649 245 2703 Canities
263 2647 365 2702 inculta
381 2647 459 2702 iacet.
478 2650 551 2700 stant
568 2647 670 2700 lumina
688 2647 802 2712 flamma
939 2660 976 2699 soe

124 2724 256 2779 Sordidus
274 2741 307 2776 ex
326 2723 448 2776 humeris
465 2723 537 2776 nodo
555 2721 693 2791 dependet
710 2723 833 2776 amiotus.

125 2803 188 2870 lpse
205 2806 293 2855 ratem
311 2804 391 2854 conto
409 2799 515 2867 subigit,
532 2799 654 2866 velisque
672 2799 818 2868 ministrat,

124 2879 160 2932 nt
178 2877 333 2945 ferruginea
349 2875 492 2929 subvectat
510 2891 623 2942 corpora
641 2875 744 2943 cymba,

124 2955 185 3008 Iam
202 2954 301 3020 senior,
320 2951 370 3006 sed
387 2950 472 3004 cruda
490 2951 542 3004 deo
560 2949 709 3018 viridisque
728 2955 862 3005 senectus.

124 3032 187 3087 Huc
204 3030 291 3083 omnis
308 3028 392 3082 turba
409 3026 445 3080 ad
462 3027 536 3094 ripas
554 3025 639 3079 effusa
656 3025 762 3094 ruebat,
940 3043 979 3081 aas

124 3107 229 3161 Matres
240 3103 331 3173 'atque
349 3103 408 3166 viri,
428 3101 611 3170 defunctaque
629 3119 744 3169 corpora
762 3103 818 3156 vita

124 3181 327 3250 Magnanimum
345 3179 467 3242 heroum,
484 3180 561 3247 pueri
580 3178 765 3248 innuptaeque
782 3177 898 3247 puellae,
