2274 3554
425 175 634 225 GEORGIOON
653 175 721 227 LIB.
743 177 791 228 lv.
1010 180 1040 229 79

186 251 329 307 Taenarias
348 255 430 308 ctiam
448 255 546 321 fauces,
566 256 621 310 alta
640 258 710 311 ostia
729 257 808 326 Ditis,

185 329 220 384 Et
239 332 401 398 caligantem
419 333 498 401 nigra
516 333 661 388 formidine
680 335 771 388 lucum

185 409 335 476 Ingressus,
357 409 500 478 Manisque
519 411 588 464 adlit
608 411 765 480 Regcmqne
785 415 965 481 tremendum,

184 485 209 538 N
212 487 336 554 escisque
355 485 479 540 humanis
498 489 624 557 precibus
643 505 832 542 mansuescere
851 491 940 544 corda.
1003 505 1040 546 nu

185 565 224 616 At
242 569 323 616 cantu
341 568 492 617 commotae
514 565 597 619 Erebi
616 565 651 620 dc
671 565 781 619 sedibus
798 565 860 618 imis

184 637 305 693 Umbrae
322 640 400 694 ibant
418 647 514 696 tenues
534 643 732 712 simulacraque
751 641 811 695 luce
833 647 982 709 carentum,

183 717 270 782 Quum
290 719 376 772 multa
395 721 422 772 in
440 720 511 773 foliis
530 721 620 774 avium
639 737 668 774 se
687 721 760 774 milia
778 720 906 786 condunt,

185 793 291 863 Vesper
308 795 356 848 ubi
375 801 423 850 aut
441 796 570 851 hibernus
589 799 647 866 agit
666 796 701 851 de
720 797 858 851 montibus
876 796 971 860 imber,

183 870 287 925 Matres
306 877 389 942 atque
408 874 466 941 viri,
486 873 670 944 defunctaque
688 892 801 944 corpora
819 874 877 928 vita
1004 886 1041 926 aa

184 947 386 1016 Magnanimum
405 950 527 1019 heroum,
546 952 624 1020 pueri
643 952 830 1020 innuptaeque
847 949 961 1018 puellae,

184 1023 354 1094 inpositique
373 1028 446 1095 rogis
465 1029 575 1082 iuvenes
594 1031 658 1082 ante
677 1045 724 1081 orn
742 1032 902 1096 parentum;

183 1101 256 1165 Quos
274 1103 375 1156 circum
393 1103 473 1157 limus
491 1106 569 1173 niger
588 1110 617 1160 et
636 1104 764 1158 deformis
783 1101 888 1156 arundo

183 1177 276 1246 Cocyti
294 1179 429 1250 tardaque
448 1183 527 1251 palus
546 1181 698 1235 inamabilis
717 1180 790 1232 unda

185 1253 295 1323 Alligat,
314 1259 343 1309 et
362 1259 474 1311 noviens
493 1259 560 1326 Styx
580 1257 714 1311 interfusa
733 1259 848 1309 coercet.
1002 1268 1041 1307 aso

183 1330 253 1394 Quin
271 1333 345 1400 ipsae
365 1337 494 1402 stupuere
514 1335 610 1388 domus
630 1338 714 1402 atquc
732 1333 828 1386 intima
848 1331 909 1384 Leti

182 1405 298 1461 Tartara
316 1411 510 1480 caeruleosque
528 1411 653 1480 inplexae
673 1408 793 1464 crinibus
812 1409 908 1476 anguis

182 1482 355 1552 Eumenides,
374 1489 518 1557 tenuitque
536 1488 642 1541 inhians
660 1488 714 1541 tria
734 1485 871 1540 Cerberus
889 1499 944 1550 ora,

182 1560 276 1629 Atque
296 1561 394 1616 Ixionii
413 1570 494 1618 vento
513 1569 573 1618 rota
591 1564 716 1618 constitit
735 1562 818 1616 orbis.

183 1635 296 1704 lamque
314 1638 413 1706 pedem
432 1641 552 1694 referens
571 1657 648 1693 casus
667 1644 792 1693 evaserat
810 1637 904 1704 omnis,
1003 1651 1040 1689 aaa

182 1711 357 1782 Redditaque
377 1716 511 1786 Eurydice
530 1732 642 1785 superas
661 1715 788 1769 veniebat
808 1714 843 1767 ad
862 1729 951 1777 arnas,

183 1787 259 1919 Perrel
298 1807 574 1862 sequens-namque
610 1791 679 1845 hunc
715 1791 832 1845 dederat
874 1790 1038 1856 Proserpina

260 1883 375 1934 egem—

181 1940 250 1995 Cum
271 1943 361 1997 subita
379 1945 519 2000 incautum
538 1945 677 2000 dementia
695 1945 768 2012 cepit
786 1947 934 2010 amantem,

181 2015 352 2085 ignoscenda
371 2021 488 2089 quidem,
508 2023 609 2075 scirent
628 2022 649 2074 si
667 2021 806 2088 ignoscere
826 2019 934 2072 Manes:

181 2092 303 2162 Restitit,
325 2097 532 2166 Eurydicenque
551 2115 634 2163 snam,
654 2098 707 2150 iam
726 2095 786 2148 luce
805 2094 855 2148 sub
873 2095 939 2164 ipsa,
1003 2109 1039 2148 lan

181 2169 327 2238 Inmemor,
347 2173 414 2226 heul
436 2175 578 2242 victusque
598 2173 679 2226 animi
698 2171 825 2240 respexit.
864 2171 907 2224 lbi
926 2171 1014 2224 omnis

181 2247 289 2301 Ellusus
308 2249 392 2316 labor,
411 2253 495 2318 atque
513 2250 617 2304 inmitis
634 2253 716 2318 rupta
733 2247 841 2316 tyranni

182 2321 315 2391 Foedera,
336 2329 434 2394 terque
452 2327 546 2396 fragor
565 2321 667 2395 stagnis
685 2324 796 2378 auditus
815 2323 940 2376 Auernis.

182 2398 239 2464 Ille,
267 2401 332 2466 Quia
360 2405 389 2456 et
416 2419 467 2471 me,
495 2403 593 2472 inquit,
623 2402 758 2466 miseram,
788 2403 818 2453 et
847 2403 877 2454 te
906 2399 1038 2467 perdidit,

252 2477 370 2546 Orphen,

181 2552 248 2616 Quis
267 2559 359 2608 tantus
378 2555 470 2610 furori
492 2556 533 2610 En
551 2555 652 2608 iterum
671 2552 793 2608 crudelia
811 2556 887 2606 retro
1004 2567 1039 2606 aas

181 2628 250 2683 Fata
268 2637 370 2697 vocant,
390 2633 538 2699 conditque
556 2631 679 2684 natantia
696 2630 798 2683 lumina
816 2645 930 2682 somnus.
1025 2670 1026 2673 ,

182 2705 295 2774 lamque
315 2709 387 2762 vale:
405 2709 479 2762 feror
497 2707 600 2776 ingenti
621 2704 789 2761 circumdata
806 2710 894 2770 nocte,

182 2780 374 2852 Invalidasque
393 2785 443 2838 tibi
463 2785 587 2848 tendens,
607 2784 662 2836 hen
680 2800 733 2836 non
752 2787 807 2848 tua,
825 2781 943 2850 palmas!

181 2855 266 2926 Dixit,
286 2864 315 2914 et
334 2879 369 2914 ex
388 2861 471 2914 oculis
491 2861 589 2927 subite,
608 2878 658 2914 ceu
676 2860 766 2912 fumus
783 2859 811 2912 in
830 2873 910 2910 auras

180 2932 351 2990 Commixtus
370 2938 468 3001 tenuis,
487 2939 556 3006 fugit
577 2937 693 3004 diversa,
711 2952 801 3004 neque
819 2933 903 2999 illum,
1001 2947 1039 2987 500

181 3010 360 3066 Prensantem
380 3014 545 3082 nequiquam
564 3013 674 3066 irrrrbras
693 3015 722 3066 et
740 3011 826 3064 multa
844 3009 979 3063 volentem

182 3086 287 3156 Dicere,
306 3099 450 3158 praeterea
468 3090 551 3154 vidit;
568 3107 618 3143 nec
636 3089 754 3158 portitor
773 3087 838 3141 Orci

183 3165 308 3234 Amplius
327 3165 461 3218 obiectam
479 3181 574 3234 passus
592 3166 709 3219 transire
726 3163 862 3233 paludem.

182 3241 253 3306 Quid
272 3241 392 3295 laceretl
411 3258 464 3310 qno
483 3259 512 3294 sc
530 3246 611 3310 rapta
628 3241 671 3294 bis
690 3242 804 3310 coniuge
822 3242 926 3296 lerretl
