2234 3554
401 105 584 180 Aruernos
602 131 672 181 nus.
692 132 740 180 v1.
949 135 996 181 ns

147 213 274 282 Quisquis
293 229 330 280 es,
349 217 471 267 armatus
489 211 537 280 qui
555 215 649 266 nostra
666 211 703 266 ad
721 212 833 267 flumina
850 213 949 282 tendis,

145 292 217 346 Fare
228 307 286 358 age,
299 289 366 358 quid
380 289 480 355 venias,
492 289 547 342 ianr
559 289 647 354 istinc,
661 293 690 344 et
702 291 852 358 comprime
863 307 995 358 gressum

145 367 311 422 Umbrarum
324 365 367 420 bie
379 366 453 419 locus
466 369 516 432 est,
529 365 622 418 Somni
635 365 785 434 Noctisque
798 383 925 434 soporac;
959 381 997 420 sao

145 445 265 512 Corpora
283 443 344 495 viva
362 442 438 495 nefas
457 441 551 510 Stygia
569 444 679 494 vectare
697 442 794 497 carina.

144 521 203 575 Nee
222 535 286 572 vero
306 517 422 571 Alciden
441 534 485 571 me
504 535 563 571 sum
582 517 700 571 laetatus
719 521 829 572 euntem

145 597 293 664 Accepisse
311 595 378 661 lacu,
396 611 447 648 nec
466 594 571 648 Thesea
590 593 805 663 Pirithoumque,

144 674 193 726 Dis
211 688 377 740 quamquam
394 670 481 737 geniti
499 675 583 738 atque
601 671 694 723 invicti
713 671 815 724 viribus
833 675 933 724 essent

143 750 304 804 Tartareum
321 747 368 801 ille
385 764 468 800 manu
485 747 628 801 amtedern
646 749 673 800 in
691 748 779 801 vinela
795 748 902 816 petivit,
959 762 996 802 aas

144 827 235 894 Ipsius
253 841 271 878 a
287 825 354 878 solie
373 825 452 892 regis,
471 824 612 892 traxitque
631 828 811 889 trementem

144 902 183 956 Hi
202 901 338 955 dominam
358 901 430 954 Ditis
449 900 569 953 thalamo
588 900 726 954 deducere
745 901 843 955 adorti.

143 978 219 1040 Quae
237 981 333 1032 eontra
351 977 473 1030 breviter
490 977 549 1030 lata
567 981 610 1030 cst
630 978 795 1046 Amphrysia
812 981 905 1032 vates:

143 1055 242 1110 Nullae
260 1055 304 1108 hie
322 1054 438 1108 insidiae
455 1054 541 1119 tales;
559 1053 662 1107 absiste
680 1054 798 1120 moveri;

143 1131 202 1186 Nee
219 1131 274 1184 rim
292 1131 348 1185 tela
366 1131 474 1194 lerunt;
491 1130 556 1183 licet
574 1130 670 1197 ingens
688 1131 788 1184 ianitor
805 1133 884 1184 antro
959 1141 997 1185 m

145 1209 296 1263 Aeternum
314 1208 418 1261 latmns
436 1206 583 1273 exsanguris
601 1210 707 1260 terreat
723 1206 843 1274 umbras,

143 1284 226 1338 Casta
243 1284 309 1337 lieet
326 1284 418 1352 patrui
437 1287 528 1336 servet
549 1282 714 1352 Proserpina
730 1283 821 1336 limen.

143 1360 240 1414 'l'roius
257 1362 374 1428 Aeneas,
392 1361 498 1429 pietate
515 1359 628 1427 insignis
646 1363 675 1412 ct
693 1359 782 1427 aruris,

144 1437 191 1490 Ad
208 1442 359 1505 genitorem
377 1437 446 1491 imas
464 1435 547 1489 Erebi
566 1435 709 1490 descendit
727 1436 763 1490 ad
780 1437 898 1491 umbras

143 1512 172 1566 si
189 1517 218 1567 te
236 1514 310 1568 nulla
328 1517 422 1566 movet
440 1517 534 1566 tantae
552 1512 665 1580 pietatis
683 1513 779 1582 image,
957 1529 995 1568 40⁵

143 1591 184 1642 At
202 1607 306 1642 ramum
325 1589 521 1658 hunc—aperit
540 1605 653 1656 ramum,
671 1591 718 1658 qui
736 1593 812 1644 veste
830 1591 972 1647 latebat—

144 1666 311 1733 Adgnoseas.
349 1665 464 1719 Tumida
482 1683 516 1719 ex
534 1666 575 1718 ira
593 1670 652 1719 tum
671 1667 755 1720 corda
773 1668 905 1722 residunt

144 1741 201 1796 Nec
218 1743 298 1810 plura
314 1743 363 1795 bis.
402 1743 452 1796 llle
472 1742 609 1795 admirans
628 1743 784 1797 venerabile
802 1744 904 1798 donum

143 1819 247 1872 Fatalis
264 1819 365 1884 virgae,
384 1818 463 1884 lengo
481 1823 543 1886 post
562 1821 687 1887 tempore
707 1820 800 1886 visum,

143 1895 303 1948 Caeruleam
321 1893 442 1946 advertit
460 1893 581 1960 puppim,
600 1895 729 1962 ripaeque
747 1898 921 1966 propinquat.
957 1911 995 1950 ao

145 1969 214 2022 Inde
232 1969 427 2030 disseminas,
447 1983 518 2034 quae
537 1985 587 2035 per
604 1969 667 2036 iuga
685 1971 766 2038 longa
785 1973 926 2040 sedebant,

143 2043 288 2110 Deturbat,
306 2043 435 2110 laxatque
448 2043 535 2103 seros;
553 2044 632 2096 simul
651 2046 749 2114 accipit
766 2047 843 2100 alveo

144 2121 289 2188 Ingentem
310 2120 430 2172 Aenean.
467 2118 579 2170 Gemuit
597 2118 648 2171 sub
665 2120 787 2188 pondero
805 2123 901 2189 cymba

143 2196 244 2261 Sutilis,
262 2200 291 2249 et
309 2194 424 2247 multam
442 2195 549 2262 accepit
566 2194 666 2248 rimosa
684 2196 819 2263 paludem.

143 2273 263 2326 Tandem
281 2271 488 2326 transfluvium
506 2271 646 2324 incolumis
665 2275 810 2340 vatemque
828 2280 971 2344 virumque

144 2349 258 2403 Inlormi
277 2349 341 2402 limo
359 2348 510 2417 glaucaque
528 2347 640 2416 exponit
658 2349 686 2402 in
704 2349 774 2403 ulra.

177 2426 313 2481 Cerberus
330 2426 397 2479 haee
416 2426 512 2494 ingens
529 2425 633 2479 latratu
651 2443 736 2495 regna
754 2427 861 2480 trifauci

143 2502 283 2569 Personat,
302 2502 417 2556 adverse
435 2501 569 2555 recubans
586 2503 703 2556 inmanis
719 2504 746 2557 in
764 2509 851 2558 antro.

143 2579 193 2634 Cui
211 2584 294 2643 vates,
312 2578 424 2633 horrere
442 2579 537 2632 videns
555 2580 608 2632 iarn
627 2580 695 2634 colla
713 2581 836 2646 colubris,

142 2655 226 2710 Melle
245 2659 398 2724 soporatam
417 2659 446 2709 et
464 2656 608 2709 medicatis
626 2656 751 2725 frugibus
769 2658 849 2711 ollam
954 2675 992 2714 420

143 2732 251 2786 Obiieit.
289 2733 339 2786 ille
357 2733 429 2785 farne
446 2732 544 2785 rabida
561 2733 615 2786 tria
632 2738 747 2800 guttura
763 2735 886 2803 pandens

143 2809 263 2878 Corripit
281 2810 422 2874 obiectam,
441 2813 524 2877 atque
541 2809 661 2863 inmania
678 2815 757 2878 terga
775 2811 888 2865 resolvit

143 2886 232 2940 Fusus
249 2886 332 2952 humi,
351 2889 466 2954 totoque
482 2887 577 2954 ingens
595 2886 755 2940 extenditur
771 2889 859 2940 antro.

143 2962 264 3031 Occupat
283 2963 393 3017 Aeneas
410 2962 516 3015 aditum
534 2962 648 3016 custode
667 2963 782 3031 sepulto,

142 3037 296 3108 Evaditque
314 3038 388 3092 celer
405 3037 492 3107 ripam
510 3038 691 3092 inremeabilis
709 3039 805 3094 undae.
953 3054 991 3096 ⁴²5

177 3115 311 3170 Continuo
330 3115 441 3169 auditae
458 3131 537 3168 voces
555 3115 663 3183 vagitus
681 3119 710 3170 et
728 3116 824 3184 ingens

142 3191 337 3261 infantumque
355 3191 462 3244 animae
481 3191 578 3243 llerres
595 3191 623 3244 in
642 3191 734 3244 limine
751 3192 848 3260 primo,
