2232 3556
380 137 566 185 AENEIDOS
583 139 651 186 LIB.
670 140 720 188 IX.
918 147 965 193 263

125 223 149 274 lt
166 224 266 277 clamor
283 224 350 277 totis
370 239 420 290 per
437 224 640 292 propugnacula
657 226 759 292 muris;

124 298 272 352 latendunt
290 300 360 352 aeris
378 315 464 366 arcus,
482 304 647 368 amentaque
664 305 803 370 torquent.
930 320 966 359 aas

123 374 259 428 Sternitur
277 391 356 428 omne
375 375 461 428 solum
481 376 557 441 telis;
579 379 639 430 tum
658 383 736 432 scuta
753 393 890 448 cavaeque

123 449 193 504 Dant
211 451 329 504 sonitum
348 451 424 504 flictu
440 452 549 520 galeae3
570 470 662 521 pugna
680 471 777 522 aspera
794 455 896 522 surgit:

123 527 242 590 Quantus
260 525 410 588 aboccasu
428 528 538 581 veniens
556 528 719 596 pluvialibus
739 529 845 584 Haedis

124 602 256 656 Verberat
273 603 362 670 imber
379 603 508 668 humum;
531 622 613 673 quam
630 607 716 659 multa
729 606 864 672 grandine
879 606 964 660 nimbi

124 677 154 732 lu
166 678 235 732 vada
245 679 434 748 praecipitant,
447 697 508 734 cum
523 681 649 749 luppiter
661 682 789 734 horridus
801 682 901 735 austris
930 696 966 737 uto

118 754 239 823 ¹Torquet
251 772 380 823 aquosam
392 755 509 809 hiemem
528 760 557 810 et
575 757 648 810 eaelo
666 774 732 810 cava
746 757 839 810 nubila
854 758 965 827 rumpit.

155 831 295 884 Pandarus
314 835 343 884 et
362 832 456 899 Bitias,
476 833 561 886 Idaeo
580 833 715 888 Alcanore
733 835 808 901 creti,

121 907 191 970 Quos
210 907 284 960 lovis
302 908 399 961 eduxit
415 908 475 961 luco
494 909 626 962 silvestris
646 910 733 978 Iaera,

122 983 265 1037 Abietibus
283 984 394 1038 iuvenes
411 985 509 1052 patriis
527 989 556 1040 et
573 985 711 1039 montibus
729 1003 837 1054 aequos

121 1060 237 1128 Portam,
255 1077 326 1128 quae
343 1060 421 1114 ducis
439 1061 544 1129 inperio
562 1061 713 1127 commissa,
731 1062 884 1127 recludunt,
929 1075 965 1116 ors

121 1135 194 1190 Freti
212 1137 302 1203 armis
320 1138 448 1204 ultroque
466 1137 585 1202 invitant
602 1138 744 1190 moenibus
762 1137 877 1192 hostem.

122 1212 176 1280 Ipsi
193 1212 266 1266 intus
285 1214 433 1266 dextrane
451 1213 528 1266 laeva
545 1229 595 1281 pro
613 1212 736 1266 turribus
754 1214 872 1281 adstant,

122 1290 227 1342 Armati
244 1289 316 1342 ferro
334 1293 363 1344 et
381 1289 470 1343 cristis
489 1290 579 1358 capita
596 1290 652 1344 alta
670 1290 785 1344 corusci:
833 1341 837 1348 .

120 1364 217 1428 Quales
236 1365 326 1422 aeriae
347 1366 480 1433 liquentia
499 1365 611 1418 flumina
631 1366 740 1432 circum,
789 1390 793 1398 =

119 1441 179 1495 Sive
199 1441 269 1494 Padi
288 1441 362 1510 ripis,
384 1441 510 1495 Athesim
532 1458 580 1494 seu
599 1446 712 1510 propter
730 1458 881 1511 amoenum,
928 1457 965 1495 eso

119 1517 292 1586 Consurgunt
309 1519 432 1585 geminae
451 1535 565 1585 quereus
583 1519 745 1586 intonsaque
762 1519 836 1572 caelo

119 1595 258 1648 Attollnnt
279 1595 369 1662 capita
388 1597 416 1647 e
436 1595 545 1648 sublimi
566 1595 668 1648 vertice
687 1597 793 1649 nutant

118 1670 290 1739 Imumpunt,
310 1671 369 1724 adit
357 1675 402 1724 tus
422 1670 518 1724 Rutuli
537 1675 569 1726 t
588 1671 682 1724 videre
702 1671 830 1740 patentis.

117 1747 252 1800 Continuo
273 1746 411 1809 Quercens
430 1750 459 1798 et
477 1746 590 1814 pulcher
610 1746 760 1814 Aquicolus
779 1746 870 1799 armis

119 1822 153 1874 llt
172 1838 303 1890 praeceps
324 1821 407 1874 animi
426 1821 587 1873 imarus
559 1824 587 1872 c
610 1821 761 1874 Mavortius
781 1822 906 1874 Haemon
929 1836 965 1874 css

117 1897 281 1965 Agminibus
300 1897 367 1948 totis
386 1899 434 1948 aut
452 1896 525 1948 versi
544 1899 623 1961 terga
642 1896 751 1962 dedere,

117 1974 178 2025 Aut
196 1973 255 2040 ipso
273 1975 369 2039 portae
388 1987 505 2038 posuere
526 1971 554 2022 in
573 1970 666 2022 limine
685 1971 775 2022 vitam.

116 2049 186 2102 Tum
202 2047 289 2114 magis
308 2047 463 2098 increscunt
482 2045 578 2098 animis
603 2045 773 2098 discordibus
791 2046 862 2109 irae;

117 2125 153 2176 Fit
172 2123 227 2176 iam
246 2121 353 2175 collecti
373 2121 456 2174 Troes
474 2121 660 2188 glomerantur
682 2119 786 2185 eodem,

115 2199 153 2252 Et
173 2199 297 2252 conferre
318 2213 427 2250 manum
446 2201 475 2251 et
494 2212 655 2265 procurrere
673 2196 778 2262 longius
797 2195 907 2249 audent.
930 2211 966 2250 coo

151 2274 265 2329 Ductori
288 2274 386 2339 Turno,
404 2273 512 2326 diversa
532 2272 558 2324 in
579 2276 658 2340 parte
676 2272 778 2325 furenti

115 2351 305 2420 'turbantique
324 2350 403 2418 viros,
424 2349 563 2418 perfertur
584 2349 702 2416 nuntius,
721 2348 828 2402 hostem

115 2430 235 2483 Fervere
251 2428 335 2482 caedo
354 2444 431 2494 nova,
451 2431 480 2482 et
499 2429 592 2496 portas
608 2425 742 2494 praebere
760 2426 888 2494 patentis.

114 2505 228 2559 Deserit
246 2505 393 2574 inceptum,
412 2507 496 2572 atque
515 2503 618 2556 inmani
639 2501 759 2555 concitus
777 2501 818 2556 ira

113 2582 284 2635 Dardaniam
302 2581 358 2634 ruit
382 2580 418 2633 ad
444 2583 552 2648 portam
573 2579 729 2645 fratresque
749 2580 887 2646 superbos.
931 2592 967 2630 aas

112 2659 152 2711 Et
171 2660 290 2726 primunr
310 2657 488 2726 Antiphaten,
508 2656 532 2708 is
552 2655 673 2708 enimse
694 2654 799 2722 primus
820 2653 930 2722 agebat,

111 2734 245 2787 Thebana
266 2734 302 2787 de
320 2737 409 2786 matre
427 2732 541 2786 nothum
561 2731 726 2800 Sarpedonis
745 2729 802 2796 alti,

112 2811 245 2864 Coniecto
262 2810 362 2864 sternit
379 2807 480 2873 iaculo;
503 2808 577 2860 volat
597 2807 669 2860 Itala
688 2822 785 2859 cornus

112 2889 191 2940 Aera
208 2903 260 2956 per
277 2891 411 2952 tenerum,
429 2883 622 2952 stomachoque
640 2883 723 2935 infixa
742 2881 792 2934 sub
810 2882 896 2935 altum

113 2963 218 3017 Pectus
239 2964 312 3028 abit;
335 2961 430 3015 reddit
449 2977 545 3029 specus
564 2960 617 3014 atri
635 2958 753 3012 volneris
771 2957 872 3010 undam
928 2972 966 3012 roo

110 3039 303 3108 Spumantem,
326 3043 355 3091 ct
375 3039 429 3090 fixo
446 3037 574 3090 ferrum
567 3053 595 3088 ιιι
613 3035 741 3118 pulmone
759 3035 883 3102 tepescit

110 3115 186 3168 Tum
210 3115 350 3185 Meropem
380 3118 463 3184 atque
484 3113 633 3182 Erymanta
660 3127 750 3180 manu,
778 3113 838 3164 tum
866 3110 966 3168 sternit

188 3192 365 3262 Aphidnum.
