2274 3554
117 151 163 196 104
359 151 388 195 r.
411 113 561 194 laneum
579 144 746 192 Mnaonxs

116 227 249 280 Constitit
268 229 352 293 atque
370 225 455 278 oeulis
474 225 594 293 Phrygia
611 225 720 293 agmina
739 225 946 296 circumspexit:

115 303 188 371 Heu,
202 319 271 370 quae
284 319 355 355 nunc
368 303 457 369 tellus,
470 302 567 370 inquit,
582 319 653 370 quae
664 319 709 356 me
719 319 840 372 aequora
848 308 962 372 possunt

117 381 269 448 Acciperet
290 385 337 432 aut
350 379 418 448 quid
431 380 485 432 iam
498 380 598 432 misero
611 379 677 431 milri
691 379 812 448 denique
824 385 920 446 restat,
950 397 972 438 m

116 456 166 510 Cui
185 473 275 524 neque
294 456 369 524 apud
388 456 496 508 Danaos
515 473 630 524 usquam
650 455 734 524 loeus,
749 461 778 510 et
796 474 878 526 super
896 459 947 527 ipsi

116 532 291 586 Dardanidae
308 533 406 586 infensi
424 549 525 602 poenas
544 549 605 586 cum
625 533 761 600 sanguine
780 539 913 602 poscunt‘l

116 611 175 674 Quo
193 611 298 677 gemitu
316 609 438 662 conversi
456 609 547 677 animi,
565 626 742 679 compressus
761 615 790 664 et
808 612 895 665 omnis

117 687 246 755 Impetus.
285 686 437 739 Hortamur
455 685 522 751 iari3
544 703 598 754 quo
617 687 752 754 sanguine
770 692 869 754 cretus,

116 763 222 827 Quidve
240 764 320 830 ferat,
340 765 481 828 memoret,
501 779 572 830 quae
591 763 627 816 sit
646 762 746 816 fiducia
763 767 850 831 capte.
951 779 975 820 ‘rs

115 838 179 908 [llle
197 839 271 906 haec,
291 839 416 906 deposita
435 839 546 892 tandem
565 840 720 906 formidine,
738 839 838 908 satum]

151 915 255 969 Cuncta
264 915 392 984 equidem
402 915 461 981 tibi,
473 915 544 984 Rex,
557 917 643 971 fuerit
653 917 852 986 quodcumque,
865 918 974 971 fatebor

116 991 198 1060 Vera,
215 993 321 1062 inquit;
340 1010 430 1062 neque
448 1009 493 1046 me
513 994 644 1061 Argolica
662 995 698 1048 do
716 998 799 1062 genta
816 994 937 1062 negabo;
983 1034 987 1039 .

117 1068 177 1122 Hoc
195 1070 328 1138 primum;
349 1086 406 1138 nec,
426 1071 449 1124 si
466 1070 597 1124 miserum
617 1072 738 1125 Fortuna
757 1071 883 1125 Sinonem

117 1145 217 1214 Finxit,
237 1164 336 1200 vanum
355 1148 437 1201 etiam
458 1147 674 1218 mendacemque
692 1147 808 1217 inproba
826 1149 918 1216 finget.
948 1163 973 1201 so

117 1221 211 1276 Fando
229 1223 340 1294 aliquod
359 1225 381 1278 si
398 1225 470 1278 forte
489 1229 552 1278 tuas
571 1227 699 1294 pervenit
717 1225 754 1278 ad
771 1225 845 1278 auris

116 1298 229 1353 Belidae
248 1317 348 1372 nomen
367 1301 522 1354 Palamedis
542 1305 571 1356 et
588 1302 693 1354 incluta
711 1302 784 1354 fama

116 1375 215 1442 Gloria,
234 1393 314 1443 quem
332 1377 401 1430 falsa
419 1377 469 1429 sub
487 1377 645 1445 proditione
666 1378 773 1444 Pelasgi

116 1450 256 1504 insontem
275 1452 385 1504 infando
404 1452 512 1519 iudicio,
533 1453 597 1521 quia
615 1452 687 1505 bella
705 1455 824 1523 vetabat,

116 1527 255 1581 Demisere
273 1529 340 1595 neci,
358 1546 428 1581 nunc
446 1545 552 1582 cassum
572 1529 673 1582 lumine
691 1528 800 1596 lugent:
949 1551 974 1589 aa

116 1603 159 1656 Illi
179 1621 222 1657 me
241 1605 368 1657 comitem
387 1608 416 1658 et
434 1604 672 1672 consanguinitate
690 1605 874 1674 propinquum

116 1680 225 1750 Pauper
242 1681 270 1734 in
287 1697 363 1734 arma
381 1684 461 1749 pater
479 1681 575 1749 primis
594 1680 647 1732 lruc
664 1681 739 1733 misit
756 1681 792 1732 ab
809 1682 893 1734 annis.

115 1757 188 1810 Dum
206 1757 298 1811 stabat
316 1774 400 1824 regno
419 1757 561 1810 incolumis
580 1773 730 1824 regumque
748 1757 859 1823 vigebat

116 1834 246 1902 Consiliis,
265 1837 295 1887 et
312 1849 361 1886 nos
379 1833 490 1901 aliquod
510 1849 665 1900 nomenque
684 1832 822 1899 decusque

115 1910 260 1964 Gessimus.
300 1910 408 1963 Invidia
425 1913 571 1978 postquam
588 1908 700 1977 pellacis
717 1908 827 1962 Ulixi—
887 1969 890 1973 ,
946 1921 971 1960 so

115 1987 200 2040 Haud
217 1988 311 2056 ignota
328 1986 566 2056 loquor-superis
584 1986 718 2039 concessit
735 1985 770 2038 ab
788 1984 843 2039 oris

116 2065 252 2118 Adflictas
271 2066 354 2118 vitam
372 2065 399 2116 in
418 2063 541 2118 tenebris
559 2064 690 2132 luctuque
707 2062 858 2130 trahebam,

115 2139 151 2194 Ilt
169 2158 261 2194 casum
279 2141 395 2194 insontis
413 2157 520 2194 mecum
538 2139 701 2208 indignabar
718 2140 803 2194 amici.

114 2217 141 2270 N
144 2234 175 2271 ec
192 2217 265 2271 tacui
285 2218 404 2285 demens,
424 2221 453 2271 et
471 2234 523 2286 me,
542 2217 598 2271 fors
617 2217 638 2270 si
657 2233 712 2285 qua
728 2217 846 2286 tulisset,

115 2293 144 2347 Si
161 2294 264 2362 patrios
282 2311 413 2362 nmquam
432 2311 596 2348 remeassem
617 2294 703 2347 victor
720 2293 757 2346 ad
777 2295 875 2360 Argos,
946 2312 988 2350 ss,

116 2370 231 2424 Promisi
248 2371 374 2438 ultorem,
394 2375 423 2424 et
440 2370 531 2424 verbis
551 2369 614 2423 odia
632 2386 730 2437 aspera
747 2369 826 2422 movi.

116 2446 188 2500 Hinc
206 2447 273 2500 mihi
291 2447 379 2515 prima
397 2447 461 2499 mali
480 2446 564 2512 labes,
583 2445 645 2498 hinc
664 2461 772 2512 semper
790 2445 886 2498 Ulixes

116 2523 279 2577 Criminibus
297 2528 402 2577 terrere
420 2523 504 2590 novis,
522 2521 585 2575 hinc
604 2537 732 2590 spargere
751 2537 830 2574 voces

116 2601 149 2654 In
168 2600 276 2669 volgum
294 2601 442 2668 ambiguas,
461 2602 490 2652 et
509 2615 643 2668 quaerere
660 2598 782 2651 censuim
800 2615 884 2652 arma.

100 2661 174 2740 (Nec
191 2678 327 2746 requievit
345 2678 424 2744 enim,
444 2675 531 2729 donec
550 2675 699 2729 Calchante
717 2675 878 2728 ministro—
937 2691 971 2728 100

116 2754 170 2807 Sed
184 2755 251 2823 quid
264 2771 314 2822 ego
327 2755 394 2808 llaec
407 2758 499 2807 autern
512 2754 677 2823 nequiquam
689 2753 798 2820 ingrata
810 2753 936 2806 revolvol

117 2831 222 2894 Quidve
240 2849 337 2898 moror,
356 2832 378 2884 si
397 2832 484 2884 omnis
502 2847 556 2884 uno
575 2831 671 2884 ordine
690 2829 797 2884 habetis
816 2830 942 2894 Achivos,

117 2907 207 2976 quue
225 2908 321 2961 audire
340 2912 382 2961 sat
400 2910 459 2962 estl
498 2908 664 2962 Iamdudum
684 2908 783 2961 sumite
794 2923 916 2976 ·puenas;

116 2984 178 3037 Hoc
197 2985 308 3038 Ithacus
327 2985 400 3050 velit,
418 2989 447 3038 ct
465 3001 564 3052 magno
582 2987 742 3038 mercentur
760 2985 884 3038 Atridae.
903 2993 908 3011 ¹

151 3053 218 3116 Tum
236 3056 301 3114 vero
319 3053 447 3113 arrlemns
466 3061 558 3114 s‘citari
577 3058 606 3114 et
624 3063 759 3128 quaerere
777 3051 892 3128 caussas,
936 3071 971 3111 10⁵

118 3137 210 3206 Ignari
228 3137 359 3192 scelerum
378 3140 517 3190 tantorum
536 3138 658 3206 artisque
676 3137 817 3206 Pelasgae.

117 3213 295 3283 Prosequitur
312 3213 443 3283 pavitans,
461 3215 490 3266 et
508 3213 572 3268 ficto
590 3217 701 3284 pectore
719 3216 808 3271 fatur:
