2242 3550
128 151 157 196 36
362 147 390 195 P.
410 145 562 194 VERGILI
581 146 757 195 MARONIS·

128 230 261 296 Tempore
274 245 437 296 quamquam
451 229 496 280 illo
508 228 590 281 tellus
603 245 712 297 quoque
725 235 753 282 et
766 246 885 299 aequora
896 229 981 300 ponti,

128 307 323 376 Obscenaeque
341 321 429 370 canes,
447 305 666 374 inportunaeque
685 305 807 358 volucres
945 321 983 362 ao

128 385 210 451 Signa
228 382 338 436 dabant.
376 381 507 446 Quotiens
527 380 673 449 Cyelopum
693 381 823 436 effervere
842 382 869 435 in
887 399 968 451 agros

127 461 254 514 Vidimus
273 459 421 513 undantem
440 457 529 526 ruptis
548 457 706 511 fornacibus
725 459 852 524 Aetnam,

128 539 365 604 Flammarumque
383 535 478 602 globos
496 533 698 602 liquefactaque
716 535 826 588 volvere
844 539 921 589 saxa!

128 619 275 668 Annonnn
294 613 411 666 sonitum
429 615 488 665 toto
508 611 655 664 Germania
673 611 747 664 caelo
808 606 810 613 ’

128 691 239 755 Audiit3
257 689 372 743 insolitis
391 691 562 740 tremuerunt
581 688 701 740 motibus
720 688 812 756 Alpes.
946 702 983 742 475

126 768 188 821 Vox
207 783 314 835 quoque
332 782 382 834 per
400 764 474 816 lucos
492 764 569 832 volgo
588 765 717 818 exaudita
736 765 846 832 silentis,

127 844 236 912 Ingens,
255 847 284 896 et
302 841 446 894 simulacra
463 840 551 893 modis
569 839 698 909 pallentia
715 841 789 894 miris

127 920 193 974 Visa
210 919 261 973 sub
280 918 425 972 obscurum
444 917 544 982 noetis3
566 917 739 986 pecudesque
757 917 870 985 locutae,

128 997 285 1050 Infandum!
307 995 407 1048 sistunt
426 1009 526 1059 amnes,
546 997 693 1061 terraeque
712 993 862 1059 dehiscunt,

127 1073 162 1130 lit
170 1077 304 1126 maestum
312 1071 464 1124 inlacrimat
474 1069 582 1138 templis
591 1069 667 1137 ebur,
675 1086 793 1138 aeraque
801 1069 908 1122 sudant.
943 1083 982 1122 ase

127 1149 231 1206 Proluit
248 1150 342 1202 insane
361 1151 542 1214 contorquens
560 1147 662 1200 vertice
680 1146 761 1199 silvas

128 1226 281 1279 Illuviorum
299 1242 348 1278 rex
368 1223 507 1286 Eridanus,
526 1239 691 1291 camposque
709 1239 759 1291 per
777 1223 863 1275 omnis

126 1302 195 1356 Cum
214 1301 326 1355 stabulis
345 1304 469 1353 armenta
487 1299 557 1352 tulit.
595 1299 621 1352 N
623 1315 654 1352 ee
672 1302 797 1367 tempore
814 1298 911 1352 eodem

126 1378 261 1432 Tristibus
278 1381 326 1431 aut
345 1377 416 1430 extis
434 1375 520 1428 fibrae
538 1376 672 1445 adparere
690 1376 815 1441 minaces,

126 1457 186 1509 Aut
204 1454 293 1524 puteis
311 1469 421 1506 manare
439 1469 519 1505 cruor
537 1453 661 1520 cessavit,
680 1455 710 1505 et
728 1452 800 1505 altae
943 1466 981 1506 sss

126 1531 181 1586 Per
197 1533 305 1584 noctem
323 1545 451 1582 resonare
469 1529 539 1597 lupis
557 1528 722 1582 ululantibus
740 1528 829 1581 urbes.

127 1607 188 1662 lion
206 1607 273 1660 alias
289 1605 363 1658 caelo
382 1605 541 1658 ceciderunt
558 1605 637 1674 plura
655 1621 750 1658 sereno

127 1681 254 1752 Fulgura,
272 1699 323 1735 nee
341 1680 394 1734 diri
412 1681 514 1734 totiens
533 1699 624 1735 arsere
642 1685 771 1735 cometae.

126 1759 199 1828 Ergo
216 1759 288 1812 inter
307 1775 366 1812 sese
383 1756 495 1826 paribus
513 1774 674 1812 concurrere
693 1756 756 1810 telis

127 1835 263 1910 Romanas
281 1835 351 1887 acies
369 1834 469 1887 iterum
488 1834 583 1887 videre
604 1832 736 1902 Philippi;
942 1847 980 1886 sse

127 1912 185 1966 Nee
202 1912 254 1965 fuit
271 1910 413 1978 indignum
432 1911 543 1978 superis,
563 1909 604 1964 bis
623 1909 753 1977 sanguine
770 1913 863 1962 nostro

128 1986 280 2041 Emathiam
299 1990 328 2042 et
345 1986 415 2040 latos
435 1987 534 2040 Haemi
552 1987 730 2056 pinguescere
747 2001 862 2054 campos.

127 2064 235 2118 Scilioet
253 2067 282 2117 et
300 2067 409 2131 tempus
427 2063 526 2131 veniet,
545 2081 606 2117 cum
625 2063 724 2116 finibus
741 2061 794 2116 illis

128 2139 262 2208 Agricola,
280 2140 391 2193 incurvo
409 2142 512 2192 terram
531 2140 641 2194 molitus
660 2142 759 2205 matre,

127 2212 216 2268 Eresa
232 2215 352 2268 inveniet
370 2215 466 2268 scabra
484 2215 608 2282 robigine
626 2215 689 2284 pila,
942 2229 972 2276 κ

128 2292 187 2345 Aut
204 2291 332 2358 gravibus
350 2291 445 2360 rastris
463 2291 554 2358 galeas
571 2290 692 2360 pulsabit
715 2291 809 2356 inanis,

128 2367 303 2435 Grandinque
322 2366 426 2420 effossis
444 2366 588 2419 mirabitur
607 2383 668 2418 ossa
687 2366 843 2434 sepulchris.

129 2443 164 2497 lli
181 2443 271 2512 patrii,
291 2442 440 2510 Indigetes,
459 2445 489 2494 et
509 2441 623 2495 Romule
642 2442 782 2510 Vestaque
800 2444 897 2508 mater,

129 2521 203 2585 Quae
222 2520 339 2572 'luseum
357 2517 477 2571 Tiberim
495 2521 524 2571 et
542 2517 664 2571 Romana
683 2519 788 2573 Palatia
805 2533 904 2583 servas,

129 2597 209 2650 Hune
227 2595 325 2648 saltem
343 2609 438 2647 everso
455 2593 580 2647 iuvenem
598 2611 754 2649 succurrere
772 2594 860 2648 saeclo
942 2608 980 2647 soe

128 2671 153 2724 N
156 2687 171 2724 e
188 2670 346 2740 prohibete!
384 2669 456 2722 Satis
473 2670 527 2722 iam
544 2670 651 2739 pridem
669 2672 799 2740 sanguine
816 2673 910 2724 nostro

128 2746 348 2800 Laomedonteae
365 2746 464 2799 luimus
482 2747 600 2815 periuria
619 2747 730 2814 Troiae3

129 2821 188 2875 Iam
206 2822 313 2891 pridem
330 2822 408 2875 nobis
426 2823 540 2876 caelite
558 2823 640 2891 regia,
659 2823 767 2890 Caesar,

129 2897 247 2966 Invidet,
265 2902 349 2966 atque
367 2898 505 2952 hominum
525 2899 649 2968 queritur
668 2915 764 2952 curare
782 2898 951 2968 triumphos;

129 2973 235 3043 Quippe
247 2974 294 3028 ubi
306 2973 347 3028 ias
361 2991 467 3028 versum
479 2979 563 3044 atque
574 2975 663 3030 nefas:
679 2978 721 3028 tot
733 2974 806 3028 bella
817 2991 867 3044 per
878 2975 980 3045 orbem,

129 3049 195 3104 'Pam
212 3050 315 3105 multae
334 3051 466 3107 scelerum
483 3051 581 3117 facies;
600 3069 654 3105 non
672 3052 743 3104 ullus
760 3056 852 3105 aratro
944 3067 981 3106 fios

130 3124 234 3194 Dignus
251 3127 350 3192 honos;
370 3127 495 3195 squalent
512 3127 639 3182 abductis
656 3144 720 3181 arua
737 3129 846 3193 colonis,

130 3201 166 3256 nt
183 3218 282 3256 curvae
299 3202 418 3268 rigidum
436 3203 518 3255 falces
536 3203 687 3257 conflantur
704 3204 732 3256 iu
750 3219 850 3258 ensem.
