2232 3556
377 169 563 219 AENEIDOS
580 171 649 221 LIB.
668 171 718 221 IX.
932 159 980 206 253

129 250 282 319 Contigerit
300 249 404 317 victori,
422 254 452 304 et
468 252 587 320 praedae
605 253 697 307 dicere
715 258 831 307 sortem:

132 327 240 394 Vidisti,
258 343 312 394 qno
330 326 437 378 Turnus
455 343 533 394 equo,
552 328 652 396 quibus
669 328 727 382 ibat
744 329 772 381 in
790 327 873 380 armis

129 403 253 466 Aureus3
276 403 365 470 ipsum
383 402 467 470 illum,
485 404 601 472 clipeum
619 405 771 473 cristasque
789 401 914 456 rubentis
941 414 977 455 aro

129 478 270 546 Excipiam
290 479 364 546 sorti,
383 479 436 532 iam
455 496 526 532 nunc
543 484 593 534 tua
610 481 738 548 praemia,
758 481 783 534 N
786 480 833 534 ise.

130 554 278 608 Praetereo
294 554 336 607 bis
355 571 403 608 sex
421 556 529 622 genitor
547 556 695 610 lectissima
712 560 832 610 matrum

129 631 250 701 Corpora
268 632 443 700 captivosque
461 632 546 699 dabit,
565 649 668 702 suaque
686 633 811 686 omnibus
829 645 918 694 anua余

129 709 247 777 Insuper
264 709 314 775 his,
333 709 422 777 campi
440 709 514 776 quod
532 727 582 763 rex
600 709 683 763 habet
700 710 758 779 ipse
777 710 898 764 Latinus.

128 784 166 839 'le
184 801 256 851 vero,
275 801 336 838 mea
353 801 435 853 quem
453 786 550 854 spatiis
567 785 740 855 propioribus
757 789 833 839 aetas
941 799 976 840 ars

128 860 294 929 Insequitur,
312 861 467 914 venerande
484 878 559 929 puer,
577 861 631 914 iam
649 865 760 930 pectore
777 865 837 915 toto

128 937 240 1005 Accipio
258 941 287 990 et
304 937 432 990 comitem
449 953 528 990 casus
545 937 701 1005 conplector
718 937 747 990 in
765 937 859 990 omnis.

129 1013 211 1066 Nulla
227 1013 295 1067 meis
314 1013 372 1066 sine
389 1017 419 1067 te
438 1018 585 1081 quaeretur
601 1014 688 1081 gloria
705 1013 804 1078 rebus余

128 1089 180 1142 Seu
200 1105 294 1158 pacem
313 1105 362 1142 sen
380 1089 452 1142 bella
468 1106 570 1156 geram,
585 1087 639 1142 tibi
657 1105 785 1142 maxuma
802 1105 894 1142 rerum

129 1165 337 1232 verborumque
355 1164 431 1218 fides.
467 1165 570 1218 Contra
587 1181 669 1233 quem
687 1165 753 1218 talia
770 1166 844 1218 fatur
939 1179 975 1217 aso

129 1241 274 1308 Euryalus:
299 1240 346 1294 llle
364 1241 439 1294 nulla
456 1241 516 1294 dies
534 1246 591 1295 tam
609 1241 727 1294 fortibus
744 1242 817 1294 ausis

128 1316 293 1369 Dissimilem
311 1317 449 1384 arguerit3
472 1320 579 1371 tantum
597 1318 706 1371 fortuna
724 1318 843 1371 secunda

130 1392 213 1444 Haud
231 1392 345 1446 adversa
362 1393 452 1448 cadat.
488 1394 544 1447 Sed
562 1397 591 1448 te
610 1411 692 1463 super
710 1395 800 1447 omnia
817 1394 890 1446 dona

129 1468 219 1522 Unum
238 1485 298 1524 oro:
321 1471 449 1537 genetrix
468 1470 570 1524 Priami
588 1470 625 1523 de
642 1474 725 1538 gente
742 1473 852 1524 vetusta

129 1545 179 1599 Est
196 1545 271 1608 mihi,
289 1562 371 1615 quam
388 1548 517 1600 miseram
534 1548 624 1601 tenuit
642 1563 696 1600 non
714 1546 767 1600 Ilia
788 1545 869 1600 tellus
939 1560 974 1600 asa

128 1621 236 1675 Mecum
255 1622 439 1689 excedentem,
458 1639 511 1675 non
529 1624 637 1677 moenia
654 1623 727 1692 regis
745 1625 871 1677 Acestae.

128 1697 206 1752 Hanc
224 1715 274 1766 ego
292 1715 363 1752 nune
380 1700 503 1766 ignaram
520 1699 600 1753 huius
613 1700 804 1768 quodcumque
822 1699 917 1768 pericli
932 1702 974 1754 est

128 1774 216 1842 Inquo
235 1775 379 1828 salutatam
398 1775 506 1843 linquo余
529 1776 592 1829 Nox
611 1780 639 1832 et
657 1781 706 1830 tua
723 1777 803 1829 testis

128 1849 257 1915 Dextera,
277 1849 351 1918 quod
369 1867 503 1917 nequeam
521 1851 646 1904 lacrimas
664 1853 786 1920 perferre
804 1851 933 1919 parentis.

130 1926 168 1978 At
185 1929 225 1991 tu,
243 1941 298 1991 oro,
317 1925 403 1977 solare
421 1925 537 1992 inopem,
555 1929 584 1978 et
603 1943 729 1979 succurre
747 1928 866 1980 relictae.
940 1943 976 1980 aaa

129 1999 207 2052 Hanc
225 2001 282 2052 sine
299 2016 344 2052 me
362 2015 438 2066 spem
456 1999 529 2052 ferre
546 2001 601 2054 tui:
626 2002 771 2054 audentior
788 2001 834 2054 ibo

129 2075 162 2127 In
180 2091 259 2128 casus
276 2075 371 2128 omnia
406 2074 539 2128 Percussa
556 2079 648 2129 mente
666 2076 769 2130 dedere

128 2150 303 2204 Dardanidae
320 2149 459 2213 lacrimam
481 2154 546 2203 ante
563 2151 650 2204 omnis
667 2151 780 2219 pulcher
798 2153 881 2220 Iulus,

129 2229 223 2294 Atque
241 2226 362 2280 animum
379 2226 487 2294 patriae
505 2227 617 2280 strinxit
635 2228 749 2296 pietatis
765 2229 863 2296 imago.

127 2303 196 2355 'l'um
214 2303 253 2357 sic
271 2302 382 2356 effatur:
941 2320 975 2359 aaa

127 2379 237 2448 &ponde
255 2379 339 2446 digna
356 2378 411 2431 tuis
429 2377 586 2445 ingentibus
603 2379 695 2434 omnia
712 2381 823 2449 coeptis.

130 2456 254 2523 Namque
272 2455 325 2508 erit
342 2453 397 2508 ista
414 2454 480 2506 mihi
497 2455 631 2523 genetrix,
649 2473 802 2525 nomenque
821 2456 940 2510 Creusae

127 2531 219 2584 Solum
238 2531 363 2599 deluerit,
382 2547 432 2583 neo
450 2537 559 2598 partum
576 2533 666 2600 gratia
683 2533 767 2586 talem

128 2607 216 2660 Parva
234 2611 335 2662 manet.
372 2606 457 2660 Casus
474 2607 578 2660 factum
596 2609 762 2677 quicumque
780 2612 938 2677 sequentur,

130 2683 181 2736 Per
199 2687 283 2752 caput
299 2685 349 2737 hoc
366 2683 433 2750 iuro,
453 2699 502 2751 por
520 2684 594 2752 quod
610 2689 691 2753 pater
708 2689 772 2740 ante
791 2686 909 2741 solebat:
938 2701 974 2740 ooo

127 2760 202 2823 Quae
220 2760 271 2814 tibi
289 2759 417 2828 polliceor
434 2760 528 2814 reduci
546 2760 684 2829 rebusque
702 2761 834 2826 secundis,

127 2836 205 2890 Haec
223 2837 319 2890 eadem
337 2835 474 2902 matrique
491 2841 556 2890 tuae
573 2837 722 2904 generique
740 2838 897 2892 manebunt.

127 2911 171 2965 Sic
189 2912 228 2965 ait
246 2911 432 2975 inlacrimans余
455 2911 568 2965 humero
586 2912 666 2966 simul
686 2913 763 2966 exuit
781 2930 881 2981 ensem,

126 2988 271 3053 Auratum,
290 2987 360 3042 mira
376 3003 457 3054 quem
475 2988 578 3042 fecerat
596 2994 656 3042 arte
675 2989 782 3057 Lycaon

127 3064 243 3118 Cnosius
260 3068 344 3133 atque
362 3062 480 3118 habilem
498 3066 596 3133 vagina
614 3069 723 3134 aptarat
741 3065 852 3121 eburna
939 3083 973 3124 soe

127 3140 182 3195 Dat
201 3142 268 3196 Niso
287 3139 449 3194 Mnestheus
466 3143 566 3210 pellem
584 3142 776 3212 horrentisque
793 3144 880 3200 leonis
909 3137 918 3158 '

125 3218 258 3280 Exuvias:
282 3218 387 3292 galeam
406 3216 478 3274 lidus
494 3223 635 3291 permutat
654 3219 759 3278 Aletes
