2274 3554
349 423 377 472 P.
396 420 551 469 VERGILI
570 417 735 467 MARONIS

313 575 771 656 AENEIDOS

381 763 499 817 Llssnn
525 763 709 826 QUARTUS.

502 923 603 952 ,4-

123 1054 167 1107 Λτ
188 1053 283 1118 regina
300 1051 377 1118 gravi
394 1051 554 1110 iamdudum
574 1053 664 1106 saucia
681 1066 745 1103 cura

123 1127 226 1180 Volnus
244 1126 293 1178 alit
311 1127 391 1192 venis,
410 1131 439 1180 et
457 1146 536 1183 cacco
555 1130 677 1198 carpitur
695 1125 756 1193 igni.

122 1201 210 1258 Multa
227 1203 278 1254 viri
297 1203 384 1256 virtus
403 1206 499 1273 anime,
519 1207 677 1274 multusque
695 1203 817 1255 recursat

122 1281 217 1334 Gentis
234 1279 334 1345 honos;
351 1280 465 1335 haerent
484 1283 560 1336 infixi
579 1286 689 1351 pectore
708 1279 796 1330 voltus

60 1389 65 1402 ·
122 1355 275 1425 Verbaque,
289 1374 339 1410 nec
351 1357 485 1426 placidam
501 1359 632 1413 menbris
647 1358 769 1409 datcnra
782 1355 909 1422 quietem.
964 1365 976 1404 5

122 1431 234 1486 Postera
254 1431 381 1486 Phoebea
399 1434 537 1488 lustrabat
555 1433 682 1501 lampade
701 1436 789 1484 terras

121 1508 345 1579 Humentenique
365 1512 472 1564 Aurora
491 1511 552 1579 polo
572 1511 725 1562 dimoverat
743 1506 875 1571 umbram,

120 1584 189 1639 Cum
207 1585 245 1638 sic
265 1587 419 1639 unanimam
438 1587 597 1654 adloquitur
616 1584 686 1637 inalo
707 1599 771 1636 sana
790 1598 922 1634 sororem:

121 1663 201 1715 Anna
219 1678 303 1730 soror,
322 1680 393 1730 quae
412 1680 455 1716 me
475 1678 632 1730 suspensam
650 1659 782 1712 insomnia
799 1661 920 1710 terrent!

120 1739 185 1804 Quis
203 1755 287 1791 novus
306 1738 349 1791 hic
368 1740 468 1791 nostris
488 1738 618 1791 successit
638 1735 750 1789 sedibus
769 1733 875 1801 hospes,
951 1745 976 1784 10

121 1815 206 1878 Quem
226 1831 285 1867 sese
304 1831 352 1866 ore
368 1815 466 1882 ferens,
486 1831 568 1883 quam
587 1813 652 1866 sorti
670 1815 783 1881 pectore
801 1815 829 1863 et
846 1807 946 1860 armis!

120 1891 209 1944 Credo
229 1889 366 1958 equidem,
383 1907 433 1944 neo
452 1907 521 1952 urana
538 1889 614 1955 fides,
633 1905 718 1956 genus
737 1904 797 1940 esse
816 1885 937 1938 deorinn.

121 1967 276 2034 Degeneres
295 1967 397 2020 animos
415 1967 498 2020 timor
516 1966 614 2034 arguit.
654 1965 725 2032 Heu,
744 1962 843 2032 quibus
861 1960 905 2012 ilie

122 2043 243 2095 iactatus
261 2042 338 2096 fatis!
359 2059 429 2111 quae
447 2041 519 2096 bella
538 2042 672 2096 exhaustu
690 2041 817 2095 canebat!

121 2119 149 2172 bi
167 2119 232 2171 mihi
250 2135 302 2171 non
321 2119 410 2171 animo
429 2119 513 2172 fixum
532 2119 722 2187 inmotunrque
741 2117 861 2180 sederet,
954 2127 978 2168 15

122 2197 164 2249 Ne
182 2196 224 2248 cui
243 2211 287 2248 mc
305 2195 391 2247 vincio
410 2195 507 2249 vellem
528 2197 630 2250 sociere
648 2196 739 2264 iugali,

124 2275 270 2340 Postquam
289 2272 394 2340 primus
412 2289 488 2325 arnor
506 2273 651 2340 deceptam
671 2276 760 2325 morte
778 2269 890 2334 fefellit3

123 2351 220 2403 Sinon
239 2353 394 2416 pcrtacsuni
415 2349 528 2402 thalami
547 2349 701 2417 taedaeque
718 2350 822 2415 fnisset,

124 2427 194 2478 Huic
213 2425 258 2477 uni
277 2425 368 2477 forsan
387 2425 464 2493 potui
484 2425 660 2479 succumbere
680 2425 786 2493 culpae.

125 2506 211 2566 Anna,
231 2501 339 2554 fatebor
358 2503 438 2569 enirn,
457 2501 549 2554 miseri
568 2505 630 2570 post
648 2502 705 2554 fata
723 2500 836 2570 Sychaei
956 2508 980 2548 2⁰

124 2578 250 2645 Coniugis
268 2581 297 2630 et
315 2594 423 2647 sparsos
442 2578 564 2631 fraterna
582 2577 666 2632 caede
686 2577 805 2642 Penatis,

123 2655 201 2709 Solus
220 2654 264 2707 hic
281 2655 387 2708 inflexit
407 2671 509 2720 sensus,
530 2655 707 2723 animumque
725 2655 863 2708 labantem

123 2731 235 2802 Inpulit.
271 2733 416 2800 Adgnosco
436 2733 536 2785 vetoris
555 2732 669 2800 vestigia
687 2731 817 2785 flammae.

124 2809 179 2863 Sed
196 2809 263 2862 mihi
282 2809 324 2863 vol
343 2809 425 2862 telins
444 2814 536 2878 optenr
556 2810 631 2878 prius
649 2809 704 2861 ima
722 2807 851 2872 dehiscat,

124 2886 177 2940 Vel
190 2885 273 2940 Pater
287 2887 457 2954 omnipotens
470 2887 564 2954 adigat
577 2904 621 2940 nic
638 2885 750 2937 fulmine
763 2882 798 2936 ad
809 2881 927 2942 umbras,
957 2892 978 2932 25

126 2963 255 3016 Pallentis
274 2962 385 3020 umbras
407 2963 489 3016 Erebi
508 2967 672 3030 noctemque
689 2959 860 3029 profundam,

126 3043 208 3104 Ante,
228 3039 328 3106 Pudor,
348 3057 429 3108 quarn
447 3043 476 3092 te
494 3038 571 3102 viole,
590 3041 638 3090 aut
656 3039 705 3090 tua
722 3037 782 3089 iure
799 3035 911 3088 resolvo.

127 3115 177 3168 Ille
195 3133 276 3181 meos
296 3117 399 3184 primns
418 3116 463 3183 qni
482 3131 526 3167 me
545 3114 596 3166 sibi
614 3113 711 3181 iunxit,
729 3130 834 3166 amores

132 3190 270 3248 tbstulit:
287 3194 331 3246 illo
350 3192 451 3244 habeat
470 3207 560 3244 seeum
580 3195 725 3258 servetque
745 3189 894 3260 sepulchre.
