2232 3556
128 124 174 170 31⁰
364 118 393 166 P.
407 117 559 166 VERGILI
576 116 742 166 MARONIS

127 198 214 262 Quem
233 197 314 266 primi
333 197 453 263 eclimus,
472 197 515 250 cni
532 197 629 266 pineus
649 197 731 250 ardor
747 211 844 250 acerve

128 275 260 340 Pascitur,
280 277 308 326 et
326 274 447 326 medinm
467 274 530 326 freti
550 274 653 342 pietate
673 273 830 341 perignem

125 351 252 405 Cultores
270 351 357 403 multa
375 351 524 418 premimus
544 351 660 419 vestigia
678 367 772 418 pruna,

127 427 177 492 Da,
198 429 287 493 Pater,
307 426 358 479 hoc
375 427 476 479 nostris
495 427 596 480 aboleri
616 427 735 479 dedecus
753 426 843 492 armis,

126 503 316 572 Omnipotens.
340 503 366 555 N
368 521 403 555 on
421 503 532 556 exuvias
550 503 678 572 pulsaeve
697 506 838 570 tropaeum
944 517 982 556 rso

130 579 256 648 Virginis,
276 583 324 633 aut
342 580 427 648 spolia
445 580 500 632 ulla
517 584 599 649 peto;
618 580 683 632 mihi
703 585 795 633 cetera
812 578 922 631 laudem

130 657 212 710 Facta
229 657 337 721 ferent3
354 655 422 709 haec
440 655 500 708 dira
518 673 578 708 mec
596 656 662 707 dum
680 657 789 708 volnere
807 655 891 722 pestis

76 737 78 741 ’
131 733 210 784 Pulsa
228 733 315 798 cadat,
334 733 436 800 patrias
453 732 581 785 remeabo
598 731 729 798 inglorius
746 731 834 785 urbes.

129 808 227 861 Audiit
246 812 273 861 et
292 809 348 860 voti
369 807 495 860 Phoebus
515 807 660 859 succedere
680 810 785 875 partem

128 883 223 936 Mente
242 883 327 947 dedit,
344 887 452 952 partem
472 883 587 935 volucris
607 882 738 950 dispersit
757 882 786 934 in
804 898 898 934 auras:
945 895 980 935 tas

126 959 269 1012 Sterneret
287 963 319 1012 ut
337 959 428 1012 subita
446 959 584 1012 turbatam
602 963 691 1012 morte
710 958 856 1023 Camillam,

129 1035 235 1089 Adnuit
254 1036 356 1098 oranti;
375 1036 503 1088 reducem
520 1035 659 1103 utpatria
678 1035 733 1086 alta
753 1033 867 1100 videret,

128 1111 153 1164 N
156 1129 190 1164 on
209 1113 294 1178 dedit,
312 1113 394 1179 inque
413 1115 491 1163 notos
510 1111 601 1164 vocem
620 1114 728 1164 vertere
746 1110 885 1178 procellae.

130 1188 208 1256 Ergo,
227 1195 259 1242 ut
276 1189 359 1240 missa
377 1204 458 1240 manu
476 1189 593 1240 sonitum
613 1187 691 1240 dedit
710 1187 788 1240 hesta
806 1204 856 1256 per
874 1201 963 1245 auras.

128 1264 295 1318 Convertere
314 1267 416 1316 animos
434 1265 505 1316 acris
523 1264 668 1332 oculosque
686 1263 775 1316 tulere
942 1277 981 1314 sco

130 1341 226 1393 Cuncti
245 1341 280 1392 ad
299 1341 420 1406 reginam
439 1339 539 1392 Volsci.
575 1339 652 1392 Nihil
671 1340 730 1406 ipsa
748 1355 799 1392 nec
817 1355 899 1392 aurae

119 1417 186 1470 blec
204 1418 308 1470 sonitus
327 1433 430 1469 memor
448 1421 497 1470 ant
514 1416 647 1470 venientis
666 1415 701 1468 ab
719 1415 832 1468 aethere
849 1415 905 1482 teli,

129 1494 218 1546 Hasta
236 1492 286 1544 sub
305 1497 441 1544 exsertam
460 1493 545 1544 donec
563 1492 669 1560 perlata
687 1491 814 1560 papillam

129 1569 234 1634 Haesit,
253 1569 459 1636 virgineumque
477 1569 532 1621 alte
551 1567 621 1621 bibit
639 1571 700 1620 acta
718 1583 850 1620 cruorem.

128 1645 299 1697 Concurrunt
312 1644 437 1712 trepidae
448 1645 570 1711 comites,
585 1644 776 1712 dominamque
788 1645 914 1696 ruente-m
943 1656 982 1695 sos

127 1720 292 1788 Suscipiunt.
329 1720 413 1788 Fugit
431 1725 494 1773 ante
513 1722 599 1772 omnis
618 1721 768 1773 exterritus
790 1721 905 1785 Arruns,

129 1797 248 1850 Laetitia
267 1797 406 1864 mixtoque
425 1801 507 1862 metu,
526 1814 575 1850 nec
593 1797 646 1848 iam
665 1795 781 1863 amplius
799 1795 893 1848 hastae

128 1873 255 1935 Credere,
276 1889 325 1926 nec
342 1874 406 1926 telis
425 1889 566 1926 occurrere
585 1873 697 1940 virginis
717 1871 808 1925 audet.

129 1949 171 2000 Ac
189 1949 264 2001 velut
282 1949 336 2016 ille,
356 1951 431 2017 prius
449 1965 530 2016 quarn
551 1949 606 2001 tela
623 1949 734 2000 inimica
752 1949 907 2016 sequantur,

129 2025 262 2077 Continuo
281 2025 308 2076 in
327 2026 426 2078 montis
445 2041 504 2077 sese
523 2025 599 2076 avius
617 2023 727 2076 abdidit
745 2024 814 2076 altos
943 2035 982 2076 erc

20 2109 23 2116 ⁴
127 2097 223 2152 Occiso
241 2105 351 2166 pastore
369 2101 449 2168 lupus
467 2117 598 2166 magnove
617 2100 738 2164 iuvenco,

128 2173 258 2228 Conscius
275 2175 385 2228 audacis
404 2176 476 2242 facti,
494 2175 664 2242 caudamque
683 2174 835 2228 remulcens
876 2219 879 2226 .

127 2249 248 2303 Subiecit
266 2252 433 2318 pavitantem
452 2256 538 2315 utero,
558 2251 693 2318 silvasque
712 2250 824 2319 petivit:

129 2326 212 2378 Haud
231 2343 307 2379 secus
326 2343 360 2378 cx
379 2327 462 2379 oeulis
481 2344 510 2380 se
528 2326 656 2380 turbidus
674 2326 790 2380 abstulit
809 2327 925 2392 Arruns,

127 2401 334 2470 Contentusque
352 2403 417 2470 fuga
435 2403 533 2455 mediis
551 2419 580 2456 se
599 2403 737 2456 inmiscuit
755 2403 846 2455 armis.
945 2417 985 2457 81⁵

128 2476 180 2530 llla
198 2495 280 2530 manu
298 2480 417 2532 moriens
435 2479 521 2532 telum
539 2478 638 2543 trahit3
657 2495 718 2532 ossa
737 2478 786 2532 sed
804 2478 877 2532 inter

129 2553 245 2606 llerreus
264 2555 299 2606 ad
318 2561 406 2608 costas
425 2556 480 2609 alto
500 2558 555 2608 stat
573 2554 684 2616 volnere
704 2571 802 2606 mucro.
831 2610 834 2614 ,

129 2629 243 2682 Labitur
261 2633 422 2699 exsanguis;
441 2631 571 2683 labuntur
589 2630 689 2697 frigida
708 2630 764 2682 leto

127 2703 257 2771 Lumina;
275 2723 428 2774 purpureus
447 2706 582 2774 quondam
602 2707 675 2758 color
693 2722 741 2758 ora
759 2705 877 2772 reliquit.

125 2779 195 2832 'lum
213 2781 251 2834 sic
269 2783 410 2850 exspirans
430 2784 539 2846 Accam,
559 2798 593 2834 cx
611 2780 772 2848 aequalibus
790 2797 879 2848 unam,
946 2797 986 2836 sm

127 2856 312 2924 Adloquitur,
333 2859 388 2911 lida
405 2862 470 2911 ante
488 2857 555 2909 alias
573 2875 644 2926 qnae
664 2857 720 2910 sola
739 2857 877 2923 Camillae,

125 2931 241 2993 Quicum
259 2935 356 3000 partiri
375 2951 468 2996 curas;
487 2937 570 3000 atque
590 2933 656 2985 baec
675 2933 715 2984 ita
733 2932 825 2986 latur:

127 3006 275 3072 Hactenus,
296 3010 369 3062 Acca
387 3025 470 3074 soror,
489 3009 584 3075 potui3
602 3023 674 3059 nunc
692 3007 787 3060 volnus
805 3007 936 3062 acerbum

125 3080 247 3146 Conficit,
267 3086 296 3134 et
313 3085 434 3137 tenebris
452 3083 610 3148 nigrescunt
629 3082 718 3134 onmia
737 3083 846 3136 circum.

126 3153 222 3217 affuge
241 3157 354 3212 ethaeo
372 3160 463 3212 Turno
481 3157 611 3210 mandata
628 3155 774 3212 novissima
791 3159 898 3227 perfer:
945 3177 987 3218 aaa
