2274 3554
407 131 591 180 Annuloos
609 131 677 180 LIB.
698 131 720 180 I.
958 132 989 183 97

131 217 237 271 Scindit
255 232 284 269 se
303 214 389 268 nubes
407 219 436 268 et
454 215 482 266 in
501 213 613 266 aethora
631 217 732 282 purgat
750 217 883 282 apertum.

132 293 248 347 Restitit
267 294 376 344 Aeneas
395 290 522 359 claraque
541 290 569 342 in
588 290 649 343 lnce
667 290 783 357 refulsit,

131 369 170 422 Os
188 363 370 435 humerosque
389 367 442 420 deo
460 366 571 431 similis3
591 383 709 434 namque
728 367 785 434 ipsa
804 367 930 420 decoram

132 445 286 500 caesariem
306 449 369 497 nato
388 444 514 511 genetrix
532 444 679 512 lumenque
697 443 823 496 inventae
955 457 991 497 ooo

132 523 306 590 Purpureum
326 525 355 574 ot
373 521 460 574 laetos
479 521 562 573 oeulis
582 521 698 573 adflarat
716 519 844 573 honores:

134 599 222 663 Quale
241 614 336 650 manus
355 597 462 650 addunt
481 597 557 649 ebori
576 597 667 662 decue,
687 601 734 650 aut
752 597 799 650 ubi
818 597 886 650 flavo

132 677 290 742 Argentum
310 673 439 726 Parimve
457 673 526 741 lapis
545 674 731 728 circumdatur
748 689 822 730 auro.

132 751 201 804 Tum
220 751 257 803 sie
275 750 398 817 reginam
416 750 581 819 adloquitur,
598 752 757 820 cunctisque
775 754 888 818 repente

132 827 291 894 Inprovisus
310 827 361 880 ait:
388 826 493 892 Coram,
512 845 594 895 quem
613 827 753 896 quaeritis,
772 828 876 893 adsum,
955 841 990 879 oss

132 903 229 956 Troius
249 905 364 969 Aeneas,
385 902 492 970 Libycis
511 908 622 972 ereptus
641 903 675 956 ab
694 903 783 958 undis.

133 977 156 1032 Ο
176 978 232 1032 sola
250 979 375 1032 infandos
395 979 491 1032 Troiae
510 981 638 1033 miserata
657 980 771 1046 labores,

133 1053 209 1118 Quae
226 1072 281 1122 nos,
300 1055 428 1123 reliquias
448 1056 580 1120 Danaum,
598 1062 743 1123 terraeque
761 1057 898 1124 marisque

132 1131 266 1185 Omnibus
284 1133 431 1186 exhaustos
448 1133 501 1185 iam
520 1134 633 1198 ensibus,
653 1133 772 1184 oninium
792 1148 898 1200 egenos,

132 1207 217 1275 Urbe,
236 1208 323 1273 domo,
343 1209 436 1272 socias,
455 1216 548 1274 grates
567 1208 724 1275 persolvere
744 1207 840 1275 dignas
953 1223 989 1262 ooo

133 1284 194 1337 Non
213 1285 271 1354 opis
290 1288 332 1338 est
350 1289 467 1351 nostrae,
488 1285 567 1349 Dido,
587 1302 635 1338 nee
655 1283 790 1354 quidquid
808 1283 910 1352 ubique
928 1288 971 1338 est

110 1385 112 1392 ·
133 1359 229 1414 Gentis
249 1361 410 1428 Dardaniae,
428 1379 555 1429 inagnum
575 1379 645 1430 quae
665 1377 758 1429 sparsa
776 1378 826 1429 per
844 1360 945 1414 orbem.

134 1437 168 1488 Di
187 1436 244 1504 tibi,
263 1438 285 1490 si
303 1454 357 1506 qua
374 1439 434 1506 pios
453 1443 609 1506 respectant
628 1439 745 1504 numina,
764 1439 787 1490 si
806 1437 873 1506 quid

132 1512 255 1582 Usquam
273 1514 377 1566 iustitia
395 1518 438 1567 est
457 1518 486 1568 et
503 1531 579 1568 mens
598 1515 649 1568 sibi
670 1515 776 1568 conscia
793 1514 869 1582 recti,

134 1589 256 1643 Praemia
270 1590 352 1657 digna
365 1591 460 1645 ferant.
500 1591 575 1655 Quae
589 1599 616 1646 te
630 1602 687 1646 tam
701 1592 774 1645 laeta
786 1591 910 1644 tulerunt
953 1604 989 1642 eoo

132 1665 261 1721 Saeeulal
284 1667 329 1734 qui
348 1667 418 1718 tanti
437 1669 519 1720 talem
537 1685 658 1735 genuere
676 1669 820 1737 parentesl

134 1741 166 1794 ln
184 1743 256 1796 freta
274 1743 340 1794 dum
358 1742 431 1795 fluvii
450 1752 567 1806 current,
586 1745 652 1797 dum
671 1744 810 1798 montibus
828 1742 942 1796 umbrae

133 1817 303 1872 Lustrabunt
321 1835 447 1884 convexa,
466 1821 544 1888 polus
563 1821 628 1873 durn
648 1822 738 1874 sidera
756 1825 856 1890 pascet,

132 1893 244 1962 Semper
262 1894 347 1946 honos
364 1910 519 1962 nomenque
537 1901 614 1948 tuum
634 1897 783 1964 laudesque
802 1896 958 1962 manebunt,

132 1970 207 2033 Quae
220 1987 264 2022 me
276 1985 392 2036 eumque
404 1973 502 2021 voeiant
515 1976 612 2023 terrae.
649 1971 692 2024 Sic
705 1973 785 2038 fatus,
798 1973 912 2024 amicmn
952 1986 988 2025 ero

34 2067 36 2074 >
133 2046 238 2098 llionea
255 2044 327 2111 petit
346 2043 452 2108 dextra,
471 2043 603 2114 laevaque
623 2047 769 2113 Serestum,

136 2121 201 2172 l'ost
220 2119 293 2184 alios,
311 2119 466 2187 fortemque
486 2120 569 2186 Gyan,
589 2123 744 2190 sortemque
764 2123 934 2179 Cloanthum.

169 2195 309 2262 Obstipuit
327 2195 414 2263 primo
433 2201 546 2264 aspectu
565 2195 676 2250 Sidonia
695 2198 773 2266 Dido,

134 2272 205 2326 Casu
224 2271 324 2324 deinde
342 2271 393 2324 viri
410 2275 496 2338 tanto,
517 2276 545 2326 et
563 2276 601 2326 sie
620 2290 666 2327 oro
684 2274 776 2328 locuta
794 2277 849 2328 est:

134 2348 200 2412 Quis
218 2351 255 2415 te,
274 2352 338 2401 nate
356 2348 415 2416 dea,
434 2365 484 2418 per
502 2353 579 2404 tanta
597 2351 716 2420 pericula
734 2368 811 2407 casus
953 2368 988 2407 015

133 2425 311 2494 insequitur?
338 2443 408 2494 quae
427 2426 467 2479 vis
486 2427 639 2482 inmanibus
658 2429 777 2497 adplicat
796 2429 864 2482 orisl

27 2573 32 2580 .
132 2503 207 2556 Tune
226 2502 272 2555 ille
293 2504 407 2570 Aeneas,
426 2520 507 2571 quem
527 2505 666 2558 Dardanio
687 2507 824 2560 Anchisae

132 2581 215 2635 Alma
233 2579 328 2633 Venus
348 2581 457 2650 Phrygii
474 2581 571 2648 genuit
590 2582 736 2638 Simoentis
755 2584 791 2636 ad
808 2585 927 2638 undaml

132 2658 227 2725 Atque
245 2656 373 2725 equidem
393 2657 525 2710 Teucrum
544 2660 654 2712 memini
673 2661 775 2714 Sidona
792 2661 884 2714 venire

132 2733 245 2786 Finibus
263 2733 407 2802 expulsum
424 2734 528 2802 patriis,
547 2751 616 2789 nova
633 2753 718 2804 regna
736 2741 875 2805 petentem
953 2749 989 2786 eoo

132 2809 244 2863 Auxilio
262 2809 339 2874 Beli;
356 2811 466 2878 genitor
484 2813 543 2864 tum
562 2812 645 2865 Belus
663 2814 780 2880 opimam

134 2885 270 2939 Vastabat
288 2886 413 2955 Cyprum,
432 2891 461 2940 et
479 2887 565 2940 vietor
583 2887 689 2942 dicione
706 2889 826 2942 tenebat.

134 2961 266 3030 Tempore
284 2963 338 3014 iam
356 2980 390 3016 ex
408 2963 454 3015 ille
473 2979 550 3017 casus
568 2963 636 3016 mihi
654 2964 779 3032 cognitus
797 2962 872 3016 urbis

134 3038 265 3090 Troianae
282 3055 435 3107 nomenque
454 3042 532 3092 tuum
550 3055 686 3109 regesque
706 3039 820 3106 Pelasgi.

134 3115 199 3182 Ipse
217 3113 304 3168 hostis
322 3115 440 3168 Teucros
457 3115 555 3183 insigni
573 3115 655 3169 laude
672 3115 786 3184 ferebat,
902 3161 906 3172 ,
954 3129 987 3170 tat

134 3189 225 3256 Seque
243 3193 334 3244 ortum
351 3191 465 3258 antiqua
483 3191 648 3244 Teucrorum
666 3191 701 3244 ab
719 3191 805 3258 stirpe
824 3192 940 3248 volebat.
