2274 3554
413 152 618 202 GEORGIGON
638 151 706 198 LIB.
727 150 773 199 IV.
983 146 1014 196 7³

162 241 265 295 Sideris
281 243 308 292 in
327 253 468 290 nunrcmm
486 237 568 302 atque
586 233 642 286 alto
660 230 804 284 succedere
821 229 902 284 caelo.

197 313 354 384 Siquando
373 312 465 366 sedem
484 313 627 378 angustam
647 312 807 376 servataque
824 305 905 360 mella

162 392 307 447 Thesauris
325 391 431 455 reliues‚
450 389 524 457 prius
544 387 643 440 haustu
661 401 771 454 sparsus
789 399 919 451 aquarum

163 469 305 534 Oratore,
323 467 465 533 firmosque
483 481 564 517 uranu
582 462 733 531 praetende
753 460 880 528 sequacis.

163 546 211 598 Bis
228 543 357 612 gravidos
374 545 474 608 cogunt
492 541 572 606 letus,
592 541 646 592 duo
664 543 787 606 tempora
804 535 907 600 messis,

163 623 283 689 Taygete
302 619 379 672 simul
397 634 427 670 os
446 617 528 670 terris
546 616 667 670 ostendit
686 614 830 667 honestum

165 698 236 751 Plias
255 699 283 749 et
303 695 402 748 Oceani
421 697 527 761 spretos
545 693 615 760 pcde
634 691 754 760 reppulit
771 691 865 756 amnis,

167 777 223 826 nur
241 771 337 825 eadcrr
356 771 431 824 sidus
448 771 554 837 fugiens
572 769 618 821 ubi
638 769 721 820 Piscis
739 767 831 835 aquosi

163 849 278 902 Tristior
296 847 424 900 hibernas
442 847 515 900 caelo
534 845 676 900 descendit
693 845 721 897 in
739 842 832 897 undas.

166 925 223 977 illis
240 925 282 976 ira
299 923 410 976 modum
429 940 510 991 supra
528 925 578 989 est,
596 922 738 989 laesaeque
757 937 889 973 venenum

164 1001 301 1054 Morsibus
319 1000 459 1067 inspirant,
478 1003 507 1052 et
525 998 627 1065 spicula
645 1014 723 1050 caeca
741 997 896 1063 relinquunt

166 1077 284 1130 Adfirae
302 1076 383 1142 renis,
402 1077 558 1143 animasque
576 1075 603 1126 in
622 1074 730 1126 volnere
749 1075 858 1140 ponunt.

165 1154 212 1207 Sin
231 1153 327 1206 duram
345 1156 451 1205 metues
469 1152 587 1204 hiemem
605 1167 754 1218 parcesque
772 1150 864 1202 futuro

165 1232 371 1296 Contunsosquc
389 1230 492 1282 animos
511 1232 539 1281 ct
557 1245 601 1290 res
619 1227 784 1280 miserabere
802 1226 915 1278 fractas:

165 1307 205 1358 At
224 1305 315 1357 suffire
334 1304 427 1372 thymo
445 1321 577 1373 cerasque
594 1303 718 1356 recidere
735 1303 821 1355 inanis

167 1381 233 1445 Quis
253 1381 377 1434 dubitetl
399 1398 462 1433 nam
481 1398 562 1448 saepe
580 1381 655 1433 faros
673 1380 783 1446 ignotus
801 1378 894 1432 adedit

166 1457 262 1509 Stellio
281 1461 309 1510 ot
328 1457 452 1524 lucifugis
470 1462 599 1524 congesta
617 1456 715 1509 cubilia
734 1456 828 1509 blattis

167 1534 354 1602 immunisque
374 1534 471 1586 sedens
490 1535 576 1586 aliena
594 1533 630 1586 ad
648 1532 747 1600 pabula
766 1534 850 1599 sucus,

167 1612 227 1665 Aut
245 1627 324 1678 asper
342 1610 438 1664 crabro
456 1611 595 1679 inparibus
614 1629 643 1664 se
661 1611 797 1664 inmiscuit
815 1610 905 1674 armis,

167 1689 226 1740 Aut
245 1687 343 1754 dirum,
360 1688 452 1753 tiniae,
471 1705 566 1755 genua
583 1691 630 1741 aut
647 1687 734 1740 invisa
752 1687 892 1740 Minervae

167 1763 256 1816 Laxos
274 1764 301 1815 in
320 1763 422 1816 loribus
441 1763 582 1832 suspendit
600 1781 700 1816 aranea
717 1780 812 1817 casses.

167 1839 227 1902 Quo
244 1841 330 1907 magis
350 1840 498 1892 exhaustae
516 1840 623 1904 fuerint,
641 1840 693 1894 boc
711 1841 797 1893 aerius
815 1856 908 1893 omncs

168 1916 331 1968 Incumbent
349 1917 457 1984 generis
475 1917 543 1985 lapsi
562 1917 660 1970 sarcire
679 1918 777 1984 ndnas,

167 1991 394 2060 Conplebuntque
412 1993 484 2046 loros
503 1996 532 2045 et
551 1993 661 2045 floribus
679 1993 776 2046 horrca
793 1997 895 2046 terent.

203 2067 231 2120 si
249 2085 319 2133 reru,
338 2070 463 2137 quoniam
481 2086 559 2122 casus
577 2069 672 2136 apibus
690 2086 797 2137 quoquo
815 2073 922 2122 nostros

169 2145 236 2198 Vita
254 2146 323 2212 tulit,
343 2147 416 2198 tristi
434 2146 603 2213 languebunt
621 2161 733 2212 corpora
751 2145 846 2198 morbo
855 2166 896 2210 ;—

170 2221 249 2284 Quod
266 2222 319 2274 iam
338 2239 391 2275 uon
410 2222 499 2274 dubiis
517 2222 621 2290 poteria
640 2239 801 2290 cognoscere
820 2223 915 2290 signis:

170 2298 303 2351 Continuo
322 2303 365 2352 est
383 2301 472 2367 aegris
490 2299 558 2352 alius
577 2299 664 2364 color;
684 2299 795 2352 horrida
813 2299 916 2352 voltum

170 2373 313 2428 Deformat
330 2377 444 2442 macies3
466 2381 522 2429 tum
542 2393 655 2444 corpora
673 2377 732 2430 luce
750 2380 890 2429 carentum
985 2390 995 2414 0

171 2451 324 2519 lllxportant
342 2455 422 2506 tectis
441 2457 469 2506 et
488 2454 578 2507 tristia
595 2453 691 2506 lunera
710 2453 827 2519 ducunt;

173 2529 230 2579 Aut
247 2527 311 2582 illae
330 2530 447 2597 pedibus
466 2547 603 2583 connexae
622 2531 657 2583 ad
676 2531 769 2585 limina
787 2532 916 2598 pendent,

173 2607 230 2656 Aut
247 2599 320 2656 intus
338 2607 435 2659 clausis
453 2613 615 2660 cunctantur
633 2609 660 2660 in
680 2608 800 2674 aedibus,
819 2623 912 2660 ornnes

176 2682 345 2750 ignavaeque
363 2683 435 2736 lame
454 2688 482 2736 et
501 2688 639 2738 contracto
658 2685 757 2753 frigore
776 2686 876 2752 pigrae.

171 2756 239 2808 'l'um
258 2774 337 2810 sonus
356 2760 467 2813 auditur
484 2762 599 2827 gravior,
619 2763 784 2829 tractimque
804 2762 953 2825 susurrant,

174 2832 300 2900 Frigidus
319 2841 349 2888 ut
367 2837 504 2904 quondam
523 2839 596 2890 silvis
614 2839 794 2891 inmurmurat
814 2841 931 2900 Auster3

172 2909 212 2962 Ut
229 2925 304 2963 mare
323 2913 465 2966 sollicitum
485 2915 578 2967 stridit
596 2914 774 2967 refluentibus
791 2911 885 2976 undis;

172 2987 292 3039 Aestuat
309 2992 341 3040 ut
359 2989 456 3042 clausis
475 2991 585 3058 rapidus
605 2991 757 3044 fornacibus
775 2989 854 3058 ignis.

175 3061 227 3114 Hic
244 3061 298 3116 iam
316 3065 462 3132 galbaneos
481 3067 601 3120 suadebo
618 3067 764 3120 incendere
781 3066 887 3132 odores

172 3136 311 3203 Mcllaque
329 3142 486 3196 arundineis
504 3143 605 3196 inferro
623 3143 767 3207 canalibus,
785 3144 857 3197 ultro

174 3213 339 3269 Hortantem
358 3222 387 3270 et
405 3219 490 3271 fessas
508 3219 544 3272 ad
561 3220 662 3288 pabula
680 3224 743 3273 not-r
762 3224 910 3274 vocantem.
