2234 3554
120 146 167 197 170
345 143 374 192 Ρ.
394 142 548 190 VERGILI
567 141 734 189 MARONIS

122 226 273 278 Proxumus
290 226 322 276 ut
340 221 474 275 viridante
491 223 553 274 tero
571 219 734 274 consederat
751 219 866 275 herbae:

123 301 236 364 Entello,
255 299 368 351 heroum
387 297 524 366 quondam
544 297 693 350 fortissime
712 295 823 365 fnestra,
898 340 903 346 .

120 378 242 430 Tantane
260 380 316 428 tarn
335 374 442 443 patiens
460 373 534 426 nullo
552 374 701 428 certamine
721 373 780 428 tolli
943 389 980 430 ese

122 455 199 506 Dona
218 452 304 504 sinesl
326 450 374 503 ubi
392 467 463 503 nunc
481 449 559 502 nobis
579 450 647 503 deus
665 450 712 503 ille
730 449 865 525 magister

122 529 295 598 Nequiquam
312 531 479 580 memoratus
498 526 587 594 Eryx?
608 526 656 580 ubi
674 527 747 579 fama
765 543 815 595 per
833 543 942 580 omnem

121 605 295 670 Trinacriam,
315 607 344 657 et
362 603 447 672 spolia
464 602 512 656 illa
530 603 585 656 tuis
602 602 753 672 pendentia
771 603 869 658 tectisl

124 683 175 736 llle
193 679 244 734 sub
261 680 343 734 haee:
367 679 393 732 N
395 696 430 732 on
449 679 536 732 laudis
555 697 639 747 amer,
658 696 708 732 nec
726 679 813 747 glorio
830 680 914 734 cessit

123 758 206 812 Pulsa
223 760 315 822 metu;
336 755 386 810 sed
404 757 476 809 enim
494 757 602 825 gelidus
620 756 750 810 tardante
770 759 881 810 senecta
944 769 981 809 aas

122 835 237 904 Sanguis
255 833 345 901 hebet,
363 833 520 902 frigentque
538 834 637 888 effetae
656 835 683 886 in
702 850 814 902 corpere
832 833 910 886 vires.

40 979 41 982 Ἴ
122 912 242 977 simini,
262 927 331 980 quae
349 909 486 978 quondam
505 911 604 977 fuerat,
623 925 730 978 quaque
749 908 880 978 inprobus
897 908 950 961 iste

123 989 251 1042 Exsultat
268 986 362 1054 fidens,
382 987 405 1038 si
422 1003 494 1040 nunc
512 990 584 1040 toret
602 987 649 1039 illa
668 987 800 1053 iuventas,

124 1065 208 1118 Haud
226 1064 352 1134 equidem
370 1064 458 1132 pretio
476 1064 605 1117 inductus
622 1063 790 1132 pulchroque
808 1062 921 1115 iuvenco

122 1141 273 1208 Venissem,
292 1159 341 1195 nec
359 1141 431 1194 dona
448 1159 545 1194 morer.
583 1140 627 1194 Sic
646 1138 745 1193 deinde
764 1138 870 1192 locutus
943 1151 980 1189 seo

124 1219 158 1272 In
175 1219 295 1272 medium
312 1217 433 1286 geminos
451 1217 552 1269 inmani
573 1215 695 1284 pendere
715 1219 823 1268 caestus

124 1295 250 1362 Proiecit,
269 1295 368 1364 quibus
386 1311 449 1348 acar
468 1293 542 1361 Eryx
559 1292 588 1344 in
606 1292 710 1361 proelia
728 1295 823 1344 suetus

123 1371 210 1424 Ferre
228 1382 338 1424 manum
357 1371 483 1439 dureque
501 1369 646 1424 intendere
664 1368 791 1421 bracchia
808 1371 893 1436 tergo.

124 1447 289 1517 Obstipuere
308 1448 405 1502 animi:
426 1449 566 1500 tantorum
583 1445 707 1513 ingentia
726 1448 831 1513 septem

123 1525 211 1592 Terga
227 1523 310 1577 boum
328 1523 440 1592 plumbo
458 1523 549 1576 insuto
566 1524 695 1591 terreque
714 1521 848 1589 rigebant.
943 1533 981 1572 sos

125 1603 199 1654 Ante
217 1601 302 1654 omnis
321 1604 413 1669 stupet
430 1601 489 1669 ipse
508 1599 602 1666 Dares,
621 1599 756 1667 longeque
775 1599 898 1662 recusat;

124 1677 368 1746 Magnanimusque
388 1675 567 1730 Anchisiades
586 1679 615 1728 et
632 1674 739 1744 pondus
758 1678 788 1728 et
805 1673 866 1742 ipsa

125 1755 186 1807 Huc
203 1755 266 1807 illuc
284 1753 433 1807 vinclorum
450 1753 573 1805 inmensa
591 1751 728 1805 volumina
745 1754 845 1805 versat.

123 1831 192 1884 Tum
210 1831 299 1884 senior
317 1830 379 1883 talis
397 1829 536 1882 relerebat
553 1831 666 1897 pectore
685 1844 779 1881 voees:

124 1907 203 1973 Quid,
222 1909 243 1960 si
264 1907 324 1974 quis
342 1909 449 1959 caestus
467 1905 552 1974 ipsius
570 1909 600 1958 et
619 1903 747 1957 Herculis
764 1919 840 1956 arura
943 1915 981 1956 41⁰

125 1983 248 2036 Vidisset
264 1984 427 2051 tristemque
445 1981 495 2034 hec
512 1980 617 2048 ipsein
635 1980 715 2033 litore
733 1983 868 2047 pugnaml

126 2061 201 2123 Haec
218 2077 363 2128 germanus
382 2059 454 2128 Eryx
472 2057 610 2127 quondam
628 2059 692 2109 tuus
710 2073 786 2109 arma
802 2055 916 2124 gerebat
923 2077 964 2122 ;—

124 2137 260 2205 Sanguine
279 2137 367 2190 cernis
385 2135 474 2189 adhue
492 2149 642 2202 sparsoque
660 2132 761 2186 inlecta
779 2133 943 2197 cerebrm-

125 2214 177 2266 His
194 2229 322 2281 magnum
342 2211 459 2265 Alciden
477 2213 573 2264 centra
591 2208 686 2274 stetit;
704 2209 747 2262 his
765 2225 816 2276 ege
834 2212 934 2273 suctus

125 2289 197 2342 Dum
214 2289 310 2342 melior
327 2289 393 2341 viris
411 2287 520 2354 sanguis
539 2285 631 2352 dabat,
650 2285 758 2338 aemula
776 2284 893 2338 necdum
945 2299 982 2337 ers

125 2365 302 2433 Temporibus
319 2364 434 2432 geminis
452 2362 567 2416 canebat
586 2378 680 2430 sparsa
698 2365 833 2417 senectus.

125 2440 180 2494 Sed
197 2441 219 2494 si
237 2443 331 2493 nestra
347 2439 435 2492 Dares
452 2438 519 2491 haec
538 2438 635 2491 Troius
652 2454 728 2490 arma
745 2441 861 2506 recusat,

126 2517 215 2585 quue
232 2517 277 2585 pio
296 2514 375 2569 sedet
395 2518 511 2581 Aeneae,
530 2514 631 2581 probat
650 2518 744 2568 auctor
765 2517 888 2581 Acestes,

127 2597 284 2662 Aequemus
302 2607 413 2660 pugnas.
451 2590 543 2659 Erycis
562 2590 613 2643 tibi
633 2594 711 2658 terga
729 2590 857 2655 remitt0;

125 2669 205 2724 Solve
222 2672 326 2733 metus;
347 2671 376 2720 et
393 2670 425 2720 tu
444 2666 573 2720 Troianos
592 2683 661 2719 exue
680 2669 793 2720 caestus.
946 2679 982 2719 aas

127 2747 204 2799 Haec
220 2745 293 2798 tatus
312 2743 448 2814 duplicem
467 2760 502 2796 ex
520 2743 641 2796 humeris
660 2743 758 2796 reiecit
776 2743 911 2807 amictum,

126 2823 163 2876 Et
174 2839 286 2889 magnes
298 2821 483 2874 membrorum
496 2823 581 2887 artus,
593 2836 692 2888 magna
705 2836 766 2872 ossa
778 2819 950 2884 lacertosque

126 2899 217 2966 Exuit,
236 2903 319 2968 atque
337 2898 434 2966 ingens
451 2896 542 2950 media
560 2896 684 2949 consistit
702 2912 791 2949 arena

127 2975 195 3028 Tum
213 2979 288 3029 satus
308 2974 428 3027 Anchisa
446 2977 553 3026 caestus
571 2975 652 3040 pater
671 2971 771 3026 extulit
789 2989 901 3040 aeques,

128 3051 165 3104 Et
181 3053 292 3120 paribus
311 3052 415 3120 palmas
434 3050 574 3103 amborum
593 3049 717 3102 innexuit
735 3048 825 3101 armis.
946 3059 984 3099 425

128 3126 259 3181 Constitit
276 3129 304 3180 in
324 3128 424 3195 digitos
443 3127 581 3194 extemplo
600 3129 723 3178 arrectus
741 3128 866 3192 uterque,

130 3202 313 3270 Bracchiaque
331 3203 367 3255 ad
386 3219 498 3270 superas
516 3201 659 3254 interritus
677 3201 779 3254 extulit
796 3217 882 3254 suras
