2242 3550
110 125 140 170 22
339 122 365 171 P.
394 122 544 169 VERGILI
568 122 735 169 hannonis

110 201 195 255 Venit
213 205 242 256 et
259 201 362 269 agresti
381 202 479 268 capitis
499 201 623 254 Silvanus
642 201 752 268 honore,

109 277 247 330 Florentia
265 276 367 330 ferulas
385 280 414 330 et
431 275 547 343 grandia
565 277 621 330 lilia
640 293 778 345 quassans.
939 295 963 332 aa

109 354 167 408 Pau
185 353 253 406 deus
273 352 410 406 Arcadiae
429 353 510 419 venit,
530 369 612 422 quem
631 353 748 408 vidimus
766 355 818 422 ipsi

107 428 267 498 Sanguineis
286 428 358 483 ebuli
379 429 454 483 bacis
472 430 611 498 minioque
631 429 783 484 rubentem.

108 507 209 576 Ecquis
227 506 280 559 erit
298 507 413 559 modusl
433 505 522 574 inquit
532 527 538 571 ;
564 510 650 558 Amor
669 523 722 557 non
741 507 806 560 tolia
824 511 914 572 curat3

107 584 132 636 N
134 600 165 637 ec
183 583 301 636 lacrimis
319 582 438 635 crudelis
459 585 553 646 Amor,
575 599 624 635 nec
643 583 766 649 gramina
784 585 855 648 rivis,

106 661 132 712 N
134 677 165 714 ec
183 661 268 728 cytiso
287 663 445 714 saturantur
465 677 538 728 apes,
558 677 607 712 nec
627 659 725 713 lronde
743 662 868 730 capellae.
940 677 964 715 ao

106 737 203 789 Tristis
220 740 250 790 at
267 737 326 790 ille:
350 735 451 788 Tamen
471 736 624 801 cantabitis,
646 737 778 805 Arcades,
795 738 892 804 inquit,

107 811 248 865 Montibus
266 811 332 866 hacc
351 813 463 866 vestris:
486 811 536 864 soli
555 815 666 864 cantare
684 812 767 879 periti

108 888 237 942 Arcades.
276 888 299 940 O
318 887 384 940 mihi
403 891 462 940 tum
481 903 564 956 quam
584 888 704 941 molliter
721 906 783 943 ossa
800 890 950 956 quieseant,

107 963 207 1018 Vestra
226 981 301 1018 meos
320 964 383 1017 olim
404 965 426 1016 si
445 965 538 1018 fistula
558 965 632 1018 dicat
650 971 769 1020 amores!

107 1040 200 1108 Atque
218 1041 323 1096 utinam
343 1058 376 1094 ex
395 1041 471 1093 vobis
490 1058 566 1106 unus,
590 1043 730 1110 vestrique
747 1043 859 1096 fuissem
939 1059 962 1096 as

107 1118 166 1171 Aut
183 1122 275 1174 custos
292 1118 392 1186 gregis,
411 1122 460 1170 aut
478 1123 603 1173 maturas
623 1119 725 1172 vinitor
742 1124 824 1174 uvae!

106 1193 196 1262 Certe,
214 1195 270 1248 sivo
289 1195 356 1247 mihi
377 1195 487 1263 Phyllis,
508 1195 564 1248 sive
583 1200 658 1249 essct
678 1198 819 1264 Amyntas,

106 1267 161 1322 Seu
178 1271 343 1338 quicumque
357 1270 543 1338 soron—qnid
558 1275 625 1339 tum,
642 1271 664 1324 si
681 1272 772 1324 fuscus
788 1273 941 1336 Amyntas?

106 1345 142 1398 Et
160 1347 254 1413 nigrae
273 1346 359 1398 violae
379 1349 443 1397 sunt
462 1351 490 1398 ct
510 1347 627 1399 vaccinia
645 1348 757 1413 nigra-

105 1422 214 1475 Mecum
232 1421 305 1475 inter
323 1422 418 1474 salices
436 1421 511 1474 lenta
531 1421 581 1474 sub
600 1423 655 1475 vito
672 1421 791 1487 iaceret;
935 1438 961 1476 so

106 1496 186 1551 Serta
203 1497 269 1550 mihi
289 1497 391 1566 Phyllis
409 1496 521 1564 legeret,
541 1501 665 1552 cantaret
686 1499 826 1566 Amyntas

105 1573 159 1627 Hic
176 1573 262 1642 gelidi
280 1573 375 1638 fontes,
392 1573 436 1626 hic
456 1573 547 1626 mollia
566 1577 651 1642 prata,
671 1573 774 1641 Lycori,

106 1649 160 1704 Hic
177 1667 288 1714 nemus;
309 1649 353 1704 hic
370 1650 429 1717 ipso
448 1654 539 1702 tecum
558 1666 732 1703 consumerer
750 1667 825 1704 aevo.

105 1725 131 1778 N
133 1743 184 1780 unc
201 1727 311 1779 insanus
329 1742 405 1779 amor
424 1725 485 1778 duri
505 1742 548 1778 mc
567 1725 667 1779 Martis
686 1726 712 1779 in
732 1728 815 1780 armis

104 1801 169 1856 Tela
185 1803 258 1855 inter
277 1802 370 1856 media
388 1815 471 1869 atque
490 1802 619 1854 adversos
640 1801 747 1856 detinet
765 1803 863 1858 hostis:
933 1821 956 1858 4³

104 1878 144 1930 'lu
161 1878 254 1946 procul
273 1895 289 1931 a
306 1878 482 1947 patria—nec
501 1877 537 1931 sit
555 1879 620 1931 mihi
642 1879 755 1934 credere
774 1885 934 1935 tantum!-

106 1954 226 2022 Alpinas,
246 1954 280 2006 ah
299 1954 375 2020 dura,
394 1953 471 2008 nives
490 1959 518 2008 et
537 1955 639 2022 frigora
660 1955 748 2010 Rheni

104 2030 150 2083 Me
169 2031 226 2083 sine
245 2030 302 2084 sola
319 2030 402 2084 vides.
440 2031 593 2099 Al1‚tenc
612 2033 715 2100 frigora
733 2033 858 2088 laedant!

105 2105 156 2174 Ah,
175 2106 225 2158 tibi
244 2124 278 2160 no
296 2111 405 2161 teneras
422 2108 522 2176 glacies
541 2112 615 2162 secet
633 2127 729 2178 aspera
748 2111 869 2178 plantas!

104 2182 162 2249 ihc,
181 2187 216 2250 et,
237 2183 391 2237 Chalcidico
411 2202 481 2253 qnae
501 2191 563 2238 sunt
582 2185 647 2238 mihi
668 2187 777 2240 condita
796 2202 875 2240 versu
933 2201 957 2240 re

103 2259 236 2326 Carmina,
255 2261 372 2329 pastoris
391 2262 473 2314 Siculi
493 2261 651 2314 modulabor
669 2280 763 2317 avena.

103 2335 215 2388 Certum
235 2341 278 2389 est
295 2337 323 2389 in
342 2337 415 2389 silvis
434 2337 505 2390 inter
524 2338 633 2406 spelaca
651 2339 771 2390 ferarum

103 2410 186 2464 Malle
204 2413 262 2480 pati
280 2413 436 2480 tenerisque
455 2429 529 2466 meos
547 2412 667 2466 incidere
688 2429 793 2467 amores

103 2487 272 2552 Arboribus;
293 2492 415 2541 crescent
433 2488 503 2554 illac,
523 2490 658 2554 crescatis,
678 2506 792 2543 amores.

104 2564 215 2617 interea
232 2565 326 2617 mixtis
344 2563 465 2617 lustrabo
485 2565 611 2618 Maenala
629 2565 769 2633 Nymphis,
932 2584 956 2622 aa

104 2642 163 2693 Aut
180 2641 250 2693 acris
269 2639 387 2694 venabor
405 2657 491 2710 apros.
531 2641 556 2693 N
558 2657 592 2694 on
611 2658 654 2694 me
672 2641 727 2694 ulla
744 2642 878 2698 vetabunt

104 2715 218 2784 Frigora
237 2716 397 2769 Parthenios
416 2715 527 2769 canibus
547 2717 715 2771 circumdare
733 2719 824 2774 saltus

5 2831 6 2836 η
104 2791 163 2845 lam
182 2793 247 2845 mihi
266 2808 316 2860 per
333 2809 414 2861 rupes
435 2792 529 2845 videor
548 2793 678 2863 lucosque
697 2798 817 2850 sonantia

104 2868 164 2932 Ire;
186 2868 254 2922 libet
274 2869 375 2922 Partho
394 2873 524 2938 torquere
542 2870 662 2938 Cydonia
682 2889 765 2925 cornu

102 2944 406 3014 Spicula—Tamquam
421 2945 487 2999 haec
503 2947 539 2999 sit
554 2948 640 3000 nostri
656 2949 791 3002 medicina
804 2949 910 3017 furoris,
930 2963 955 3002 eo

104 3019 163 3074 Aut
181 3020 249 3074 deus
267 3020 312 3074 ille
329 3022 407 3074 malis
424 3021 563 3075 hominum
581 3025 725 3078 mitescere
745 3024 845 3078 discati

104 3097 164 3150 lam
183 3114 271 3166 neque
291 3097 499 3167 Hamadryades
518 3116 612 3152 rursus
630 3117 679 3153 nec
698 3101 817 3153 carmina
834 3099 912 3154 nobis

105 3174 170 3242 ipsa
186 3174 310 3243 placent;
331 3175 405 3244 ipsae
424 3192 517 3228 rursus
535 3175 676 3229 concedite
695 3175 785 3232 silvae.
