2232 3556
173 149 219 197 rso
401 143 431 195 r.
449 141 600 188 Veserm
617 105 793 191 'MsiRONIS

170 223 279 290 Ingruit
299 225 408 274 Aeneas
429 221 507 274 Italis
526 223 555 273 et
573 219 676 289 proelia
695 220 799 286 miscet,

170 300 205 354 Et
224 315 273 351 nos
292 315 371 350 saeva
390 315 472 350 manu
490 298 633 350 mittamus
651 296 747 348 funera
766 295 885 350 Teucris.

169 375 194 427 N
197 391 227 428 ec
239 390 352 428 numero
365 373 483 440 inferior,
495 389 602 441 pugnae
616 388 666 424 nec
676 371 779 424 honore
791 371 912 424 recedes.
996 387 1035 425 css

169 451 274 504 Furnos
294 449 330 502 nd
348 449 431 504 haec:

169 528 192 580 Ο
212 545 293 594 soror,
313 531 341 580 et
361 526 465 579 dudum
484 524 608 590 adgnovi,
628 524 794 591 cumprime
816 540 865 592 per
883 527 975 576 artem

169 604 292 658 Foedera
310 602 429 656 turbasti
449 606 532 666 teque
551 599 618 652 haec
636 599 663 651 in
682 599 754 650 bella
773 599 882 662 dedisti,

170 680 204 734 llt
222 699 293 735 nunc
311 679 477 748 nequiquam
496 675 567 728 fallis
586 675 644 728 dea.
679 674 734 728 Sed
753 677 813 743 quis
833 676 949 742 Olympo

170 757 321 811 Demissam
341 760 433 810 tentos
453 753 538 808 voluit
557 758 585 806 te
603 751 675 804 ferre
693 751 819 804 lab'oresl
993 768 1031 806 ece

170 836 215 888 An
233 835 326 888 fratris
346 834 436 887 miseri
455 833 540 884 letum
558 835 590 883 ut
609 829 718 882 crudele
737 827 861 882 videres?

171 911 240 964 Nam
254 911 321 980 quid
334 913 403 978 agol
417 914 466 963 aut
479 926 548 976 quae
562 909 616 960 iam
629 907 746 975 spondet
760 904 881 957 Fortuna
891 905 1030 958 saluteml

171 986 235 1039 Vidi
255 987 344 1040 oculos
365 991 429 1040 ante
449 987 507 1054 ipso
527 1001 601 1037 meos
619 1001 663 1036 mo
681 1001 745 1036 voce
764 985 904 1036 vocantem

171 1063 337 1130 Murranum,
357 1080 411 1132 quo
429 1081 482 1116 non
503 1064 614 1130 superat
632 1060 698 1112 mihi
718 1060 804 1112 carior
824 1059 901 1124 alter,

171 1138 308 1208 Oppctere
328 1141 467 1208 ingentem
487 1143 570 1207 atque
588 1137 693 1204 ingenti
713 1137 821 1188 volnere
839 1135 948 1187 rictum.
991 1149 1029 1186 elo
1080 1183 1081 1202 χ

171 1214 277 1268 Occidit
295 1217 396 1284 infelix,
415 1234 450 1269 ne
467 1219 590 1268 nostrum
610 1213 728 1266 dedecus
747 1211 832 1264 Ufens
910 1266 913 1272 Α

172 1291 334 1359 Aspiccret3
354 1292 449 1346 Teucri
468 1291 611 1361 potiuntur
630 1304 742 1357 corpore
761 1291 788 1340 ct
806 1287 895 1340 armis.

170 1367 334 1421 Exscindine
354 1369 455 1434 domos,
474 1367 503 1421 id
521 1367 604 1420 rebus
623 1365 710 1418 defuit
728 1382 818 1432 unum,
1080 1407 1081 1442 p

171 1442 333 1511 Perpetiarl
353 1445 451 1498 dextra
470 1461 520 1498 nec
539 1442 653 1496 Drancis
672 1441 746 1494 dicte
764 1441 902 1494 refellaml

171 1519 259 1586 Terga
269 1519 347 1587 debe,
358 1524 386 1574 et
396 1521 516 1573 Turnum
526 1521 676 1587 fugientem
685 1518 752 1570 haec
761 1521 836 1571 terra
844 1516 967 1570 ridebitl
990 1532 1028 1570 ore

171 1594 266 1662 Usque
286 1595 390 1648 adeone
408 1596 477 1649 mori
495 1596 623 1648 miserum
647 1596 705 1648 esti
725 1594 781 1646 Vos
800 1610 815 1646 ο
838 1593 905 1645 mihi
928 1592 1027 1646 Manes

172 1670 238 1722 Ilste
256 1669 326 1735 boni,
347 1671 474 1738 quoniam
493 1671 603 1738 Superis
621 1687 716 1725 aversa
733 1671 865 1723 voluntas.

171 1745 270 1798 Sancta
288 1745 324 1798 ad
342 1763 389 1799 vos
408 1747 504 1814 anima,
522 1750 606 1814 atquc
624 1748 703 1800 istius
720 1747 804 1800 inscia
821 1746 916 1814 culpae

172 1821 349 1890 Descendam,
363 1840 522 1890 magnorum
535 1821 610 1875 haud
621 1840 751 1892 umquam
763 1822 892 1889 indignus
903 1838 1026 1874 avorum.

206 1898 261 1952 Vir
274 1916 307 1952 ca
319 1899 393 1954 fatus
408 1903 482 1953 erat:
496 1899 600 1952 medios
613 1900 694 1965 uolat,
707 1916 777 1966 ecce,
789 1915 839 1967 per
850 1897 936 1951 hostis
990 1913 1027 1952 ceo

172 1974 276 2029 Vectus
295 1992 365 2044 equo
384 1978 527 2044 spumante
547 1975 634 2043 Saces,
653 1975 768 2028 adversa
785 1975 885 2042 sagitta

171 2051 284 2104 Saucius
302 2069 356 2119 ora,
375 2051 485 2120 ruitque
503 2051 641 2119 inplorans
659 2051 767 2104 nomine
786 2051 919 2103 Turnum:

172 2127 268 2196 Turne,
286 2127 314 2180 in
332 2132 361 2181 te
379 2144 506 2196 suprema
524 2127 610 2192 salus;
629 2127 760 2180 miserere
777 2130 893 2180 tuorum.

174 2205 310 2258 Fulminat
330 2207 437 2258 Aeneas
455 2205 545 2271 armis,
563 2221 738 2272 summasque
756 2203 874 2256 minatur

174 2279 348 2349 Deiecturum
367 2298 443 2334 arces
462 2281 562 2334 Italum
582 2279 757 2348 exscidioque
776 2279 918 2344 daturum;
990 2297 1027 2335 css

174 2357 287 2426 lamque
304 2357 378 2410 faces
397 2357 432 2409 ad
450 2360 525 2409 tecta
542 2357 641 2409 volant.
679 2356 712 2408 In
731 2359 760 2410 te
778 2372 825 2409 ora
843 2354 941 2422 Latini,

174 2433 206 2485 lu
224 2436 253 2486 te
271 2434 361 2486 oculos
379 2434 517 2498 referunt;
535 2437 639 2486 mussat
657 2449 705 2485 rex
723 2432 782 2500 ipse
801 2431 920 2494 Latinus,

173 2509 246 2572 Quos
264 2527 379 2578 generos
397 2513 482 2574 vocet
500 2513 547 2563 aut
566 2527 636 2579 quae
656 2527 715 2562 sese
733 2508 768 2562 ad
786 2508 898 2562 foedera
916 2507 1017 2562 flectat.

174 2585 320 2640 Praeterea
338 2587 439 2654 regina,
458 2586 499 2638 tui
517 2585 655 2651 fidissima
674 2585 772 2638 dextra

173 2661 281 2716 Occidit
299 2663 359 2731 ipsa
378 2679 433 2727 sua,
452 2662 596 2730 lucemque
615 2661 749 2714 exterrita
766 2662 843 2729 fugit
988 2675 1026 2713 ccc

173 2738 227 2790 Soli
245 2756 295 2808 pro
312 2739 399 2808 portis
417 2739 560 2806 Messapus
577 2742 606 2792 et
624 2755 686 2790 acer
705 2739 806 2790 Atinas

173 2815 334 2868 Sustentant
352 2815 445 2868 aciem.
481 2815 588 2868 Circum
606 2814 655 2866 hos
673 2814 812 2881 utrimque
829 2812 978 2881 phalanges

173 2891 254 2944 Stant
271 2891 380 2958 densae,
399 2892 556 2960 strictisque
574 2907 651 2958 seges
669 2889 843 2943 mucronibus
860 2888 956 2942 horret

174 2967 287 3021 Ferrea:
306 2975 338 3020 tu
355 2984 466 3020 currum
485 2968 596 3020 deserto
613 2968 642 3019 in
659 2965 783 3034 gramine
800 2980 900 3018 versas.

174 3041 314 3110 Obstipuit
332 3043 407 3096 varia
426 3043 552 3096 confusus
570 3042 687 3109 imagine
706 3059 797 3095 rerum
989 3053 1023 3094 eet

174 3118 287 3184 Turnus,
306 3123 336 3172 et
353 3119 453 3172 obtutu
472 3119 555 3172 tacito
575 3119 667 3182 stetit;
686 3121 794 3172 aestuat
811 3117 908 3184 ingens

175 3191 236 3245 Uuo
253 3193 281 3246 in
298 3195 381 3247 corde
396 3194 484 3260 pudor
502 3194 643 3261 mixtoque
660 3194 763 3246 insania
780 3193 856 3246 luctu
