2234 3554
392 203 395 210 Δ
415 152 598 200 AENEIDOS
615 151 684 200 LIB.
703 151 737 198 V.
952 152 998 200 let

145 239 282 291 Hortatur
300 233 473 290 Mnestheus:
493 231 579 297 Nune,
597 248 669 286 nunc
685 232 818 301 insurgite
836 234 925 296 remis.

144 312 276 367 Hectorei
295 311 366 377 socii,
386 309 483 362 Troiae
502 326 570 377 qnos
589 313 663 363 sorte
682 325 808 378 suprema
963 323 999 366 m
1039 311 1041 316 '

143 389 239 456 Delegi
259 388 390 453 comites;
408 404 479 440 nune
497 386 558 440 illas
576 387 694 455 premite
712 387 784 455 viris,

143 467 221 520 Nune
239 465 350 531 animos,
370 464 468 534 quibus
486 464 514 517 in
530 463 655 517 Gaetulis
674 463 799 532 Syrtibus
816 463 859 517 usi

144 544 276 611 Ionioque
295 542 364 595 mari
384 541 545 609 Maleaeque
564 541 725 611 sequacibus
743 541 831 594 undis.

143 621 205 673 Non
222 621 277 672 iam
296 619 383 687 prima
401 623 466 687 peto
485 618 652 685 Mnestheus,
671 635 761 687 neque
779 619 887 672 vincere
908 622 999 684 certo;

144 697 314 765 Quamquam
341 695 465 748 o!-Sed
493 698 630 762 superent,
657 693 755 763 quibus
780 694 838 762 hec,
863 695 999 763 Neptune,

215 772 333 836 dedisti;
965 786 1000 824 195

145 850 289 904 Extremos
307 849 411 918 pudeat
429 847 559 913 rediisse;
576 847 627 902 hoc
645 849 751 918 vincito,
770 851 848 919 cives,

144 926 180 978 ut
197 926 342 996 prohibete
361 926 444 979 nefas.
483 925 537 979 Olli
555 926 704 980 certamine
723 944 827 981 summo

146 1002 348 1068 Procumbunt;
366 1003 450 1056 vastis
468 1005 563 1060 tremit
580 1007 680 1060 ictibus
698 1021 778 1058 aerea
795 1005 900 1074 puppis,

144 1079 378 1148 Subtrahiturque
397 1080 499 1147 selum;
517 1085 576 1136 tum
595 1082 691 1136 creber
710 1081 846 1135 anhelitus
863 1085 940 1133 artus

145 1155 287 1225 ludoque
306 1173 354 1209 ora
372 1157 477 1225 quatit;
496 1160 580 1212 sudor
598 1159 659 1212 fluit
677 1158 798 1227 undique
816 1158 887 1210 rivis.
963 1169 999 1208 soe

145 1232 249 1285 Attulit
266 1232 325 1300 ipse
343 1232 407 1285 viris
425 1237 549 1302 optatum
567 1252 645 1289 casus
662 1235 798 1288 honorem.

144 1308 270 1376 Namque
288 1309 382 1364 furens
401 1311 484 1363 animi
503 1311 569 1364 dum
587 1329 696 1380 proram
714 1311 750 1364 ad
768 1327 833 1363 saxa
848 1311 1004 1376 suburguet-

145 1385 264 1438 Interior
283 1387 426 1456 spatioque
446 1388 521 1442 subit
540 1388 686 1456 Sergestus
704 1389 803 1456 iniquo,

145 1461 245 1514 Infelix
264 1464 336 1515 saxis
355 1463 383 1516 in
401 1465 625 1532 procurrentibus
642 1465 736 1519 haesit.

145 1538 297 1592 Concussae
316 1543 416 1606 cautes,
436 1545 465 1594 et
483 1548 563 1594 acuto
580 1541 608 1595 iu
627 1542 728 1596 murice
746 1542 815 1596 remi
965 1553 1000 1591 aco

145 1614 246 1668 Obnixi
266 1632 405 1684 crepuere,
423 1617 557 1686 inlisaque
576 1635 657 1686 prora
674 1618 812 1688 pependit,

145 1691 320 1760 Consurgunt
340 1697 440 1746 nautae
461 1697 490 1746 et
509 1711 606 1762 magno
626 1695 742 1748 clamore
761 1696 907 1760 morantur,

146 1766 330 1838 Ferratasque
350 1770 446 1823 trudes
465 1773 494 1823 et
512 1774 592 1823 acuta
611 1771 722 1839 cuspide
740 1774 834 1824 contos

147 1843 310 1913 Expediunt,
329 1848 485 1915 fractosque
503 1847 599 1914 legunt
616 1847 644 1900 in
662 1848 770 1914 gurgite
788 1861 886 1899 remos.

149 1924 187 1975 At
204 1921 294 1976 laetus
314 1923 475 1975 Mnestheus
494 1940 674 1992 successuque
693 1924 780 1975 acrior
797 1922 856 1991 ipso
966 1933 1003 1974 no
1028 1982 1032 1988 ¹

149 2000 265 2066 Agmine
283 2015 421 2052 remorum
442 1999 524 2052 celeri
543 2000 686 2066 ventisque
704 1999 806 2052 vocatis

148 2075 236 2128 Prona
253 2075 325 2144 petit
343 2075 429 2128 maria
448 2079 476 2129 et
494 2076 591 2144 pelage
611 2075 731 2128 decurrit
749 2078 851 2142 aperto.

146 2151 240 2215 Qualis
258 2151 387 2220 spelunca
405 2152 494 2206 subito
512 2155 647 2205 commota
664 2150 795 2216 columba,

146 2227 197 2279 Cui
215 2226 312 2281 domus
331 2231 359 2282 et
378 2229 471 2281 dulces
489 2228 626 2282 latebroso
643 2229 671 2281 in
689 2227 795 2296 pumice
812 2227 877 2294 nidi,

147 2302 248 2357 llertur
259 2305 287 2356 in
300 2322 365 2357 arva
377 2305 477 2374 volans,
490 2306 671 2374 plausumque
683 2305 817 2362 exterrita
828 2305 924 2372 pennis
970 2317 1005 2357 are

148 2377 202 2432 Dat
220 2384 292 2434 tecto
311 2382 458 2449 ingentem,
477 2399 541 2436 mox-
558 2399 621 2435 aere
639 2383 715 2450 lapsa
733 2381 826 2450 quicto

148 2454 231 2510 Radit
250 2457 303 2510 iter
323 2458 465 2527 liquidum,
487 2459 583 2512 celeris
603 2475 692 2526 neque
710 2463 862 2512 commovet
879 2459 949 2511 alas:

148 2532 190 2586 Sic
210 2533 379 2601 Mnestheus,
399 2536 437 2590 sic
455 2536 514 2604 ipsa
534 2537 599 2604 fuga
619 2538 694 2590 secat
713 2534 810 2588 ultima
829 2535 926 2587 Pristis

121 2630 122 2634 ¹
148 2614 285 2679 Aequora,
305 2613 437 2666 siciliam
457 2613 511 2666 lert
530 2613 651 2682 impetus
668 2613 726 2681 ipse
745 2611 888 2664 velantem.

147 2687 183 2740 ut
201 2689 319 2756 primum
337 2689 365 2742 in
387 2689 495 2758 scopulo
517 2689 665 2742 luctantem
684 2688 790 2742 deserit
808 2688 863 2741 alto
973 2701 1008 2739 rao
1044 2714 1050 2728 ·

147 2763 305 2832 Sergestum
324 2766 508 2834 brevibusque
530 2767 606 2820 radis
627 2767 783 2833 frustraque
802 2769 942 2817 recentem

148 2841 259 2894 Auxilia
277 2845 306 2896 ct
324 2843 419 2896 fractis
440 2843 590 2896 discentem
609 2859 719 2896 currere
737 2840 825 2894 remis.

149 2917 218 2969 lnde
238 2919 315 2986 Gyan
333 2920 476 2987 ipsamque
497 2921 602 2988 ingenti
623 2919 694 2972 molo
714 2918 886 2971 Chimaeram

148 2991 348 3061 Consequitur;
366 2995 447 3062 cedit,
467 2997 594 3063 quoniam
613 2995 728 3063 spoliata
746 2993 877 3060 magistro
895 2995 943 3046 est.

148 3069 227 3124 Solus
246 3070 355 3137 iamque
374 3071 432 3139 ipso
452 3077 576 3140 superest
594 3073 622 3124 in
642 3072 695 3124 fine
716 3070 877 3124 Cloanthus:
975 3085 1010 3123 ms

149 3147 238 3212 Quem
258 3148 338 3215 petit,
354 3150 383 3199 et
401 3149 513 3200 summis
532 3148 649 3202 adnisus
666 3147 771 3202 viribus
790 3149 897 3216 urguet.

150 3223 218 3275 Tum
238 3239 302 3276 vero
321 3223 471 3290 ingeminat
489 3224 598 3292 elamor,
616 3225 762 3294 cunctique
781 3228 944 3294 sequentem
