2234 3554
401 137 583 187 AENEIDOS
600 139 670 188 LIB.
690 139 740 190 VI.
947 139 996 188 191·

141 216 313 286 Inpositique
330 215 406 283 rogis
423 215 533 270 iuvenes
552 221 616 270 ante
634 235 683 272 ora
700 223 859 288 parentum:

140 293 227 356 Quam
247 292 334 350 multa
351 293 378 344 in
397 291 471 344 silvis
483 294 613 347 autumni
631 294 732 362 frigore
751 296 838 364 primo

140 369 228 436 Lapsa
248 366 348 420 eadunt
367 367 439 436 folia,
458 371 506 422 aut
525 369 560 422 ad
578 374 681 423 terram
700 373 810 439 gurgite
828 376 863 426 ab
880 375 937 426 alto
958 385 994 426 sla

140 446 227 509 Quam
246 443 348 496 multae
367 444 554 512 glomerantur
572 463 642 514 aves,
662 447 708 500 ubi
727 448 843 516 frigidus
860 465 946 503 annrrs

139 523 225 574 Trans
242 523 357 590 pontum
376 521 454 588 fugat
474 525 503 574 et
521 523 603 576 terris
621 523 737 577 inmittit
754 525 858 593 apricis.

140 598 256 652 Stabant
274 600 384 651 orantes
404 598 486 665 primi
505 600 695 654 transmittere
714 618 830 668 cursum,

140 674 355 741 Tendebantquo
370 691 471 731 ¹manus
491 675 566 743 ripae
585 677 724 730 ulterioris
742 695 840 731 amore.

140 750 240 806 Navita
258 750 307 804 sod
327 750 414 804 tristis
433 769 504 805 nune
523 751 572 804 hos
590 770 661 806 nunc
680 755 777 822 accipit
795 754 863 821 illos,
960 767 996 806 aaa

142 830 195 882 Ast
213 827 280 880 alios
298 827 378 894 longe
398 828 539 882 submotos
559 834 634 884 arcet
653 847 742 884 arena.

142 907 250 958 Aeneas
267 903 381 957 miratus
401 905 473 958 enim
492 909 636 974 motusque
655 908 776 962 tumultu

140 981 197 1048 llic,
216 981 261 1043 ait,
280 997 296 1032 o
314 982 397 1048 virgo,
418 982 485 1051 quid
503 982 560 1036 volt
580 1000 724 1038 concursus
743 984 779 1037 ad
798 985 923 1039 amneml

141 1057 247 1121 Quidve
264 1061 364 1126 petunt
383 1059 515 1112 animael·
527 1059 569 1112 vel
589 1077 642 1128 quo
661 1060 817 1114 discrimino
834 1061 909 1128 ripas

144 1134 202 1188 Hae
220 1135 356 1202 linquunt,
376 1135 438 1188 illae
456 1135 540 1188 remis
559 1137 629 1188 vada
647 1136 729 1189 livida
747 1139 878 1192 verruntl
959 1151 995 1190 aaa

141 1209 193 1263 Olli
213 1211 251 1264 sio
269 1211 391 1266 breviter
408 1211 466 1265 fata
484 1216 527 1264 est
546 1212 676 1279 longaeva
694 1212 833 1274 sacerdos:

141 1287 261 1340 Anchisa
278 1292 416 1356 generate,
436 1288 519 1342 deum
539 1289 690 1342 certissima
710 1289 807 1357 proles,

141 1363 234 1432 Cocyti
253 1369 350 1431 stagna
370 1365 425 1419 alta
444 1365 521 1419 vides
542 1365 719 1434 Stygiamque
738 1365 874 1434 paludem,

141 1439 176 1494 Di
195 1442 269 1496 cuius
287 1442 378 1512 iurare
398 1443 497 1495 timent
516 1446 545 1496 et
563 1441 658 1496 fallere
676 1459 785 1496 numen.

143 1517 218 1572 Haeo
230 1519 323 1586 omnis,
338 1535 419 1588 quam
433 1519 529 1586 cernis,
542 1520 621 1589 inops
634 1519 830 1588 inhumataque
843 1517 925 1572 turba
937 1519 996 1580 est;

142 1592 262 1648 Portitor
280 1596 327 1648 illo
347 1597 469 1662 Obar0n3
492 1597 527 1661 hi,
547 1613 614 1665 quos
634 1597 708 1650 vehit
726 1596 806 1664 unda,
825 1593 933 1664 sepulti.
959 1607 996 1647 aaa

141 1671 199 1724 Nee
217 1673 289 1740 ripas
310 1672 392 1726 datur
410 1673 560 1727 horrendas
579 1677 608 1726 et
626 1690 709 1727 rauca
726 1673 828 1727 fluenta

142 1747 338 1817 Transportare
356 1751 439 1818 prius,
459 1767 540 1818 quam
560 1749 671 1804 sedibus
690 1767 751 1803 ossa
771 1750 905 1818 quierrmt.

142 1825 259 1879 Centum
279 1830 372 1878 errant
390 1843 474 1879 annos
493 1827 665 1894 volitantque
683 1826 750 1880 haee
768 1826 849 1879 litora
867 1826 983 1890 eircum;

142 1901 210 1955 'lum
229 1903 339 1957 demum
359 1903 470 1956 admissi
489 1907 586 1968 stagna
604 1905 735 1968 exoptata
752 1902 881 1954 revisunt.
960 1914 996 1953 aaa

142 1978 272 2030 Constitit
293 1978 413 2031 Anchisa
432 1982 507 2031 satus
526 1981 555 2028 et
574 1977 687 2043 vestigia
705 1977 812 2043 pressit,

143 2053 232 2106 Multa
250 2057 358 2122 putans,
378 2057 535 2121 sortemque
554 2053 642 2104 animo
661 2052 805 2104 miseratus
823 2053 952 2120 iniquam,

143 2130 238 2183 Cernit
256 2129 294 2182 ibi
313 2131 431 2183 maestos
451 2133 479 2182 et
497 2130 594 2182 mortis
612 2128 714 2180 honore
732 2128 851 2180 carentis

147 2207 303 2274 Leucaspim
322 2211 351 2259 et
370 2206 466 2275 Lyciae
485 2206 627 2259 ductorem
646 2204 739 2257 classis
758 2203 887 2270 Oronten,

144 2283 216 2347 Quos
235 2283 321 2352 simul,
341 2301 357 2338 a
376 2283 454 2336 Troia
472 2287 584 2336 ventosa
603 2299 652 2350 per
671 2297 789 2351 aequora
806 2284 907 2348 vectos,
960 2293 997 2333 mu

143 2359 241 2414 Obruit
262 2364 372 2429 Auster,
392 2377 462 2429 aqua
480 2360 620 2412 involvens
638 2374 789 2426 navemque
807 2356 942 2425 virosque.

177 2437 248 2490 Fece
264 2437 431 2506 gubernator
450 2455 509 2492 sose
530 2437 673 2490 Palinurus
691 2435 799 2502 agebat,

88 2551 92 2558 -
143 2514 195 2578 Qui
215 2514 314 2582 Libyco
333 2531 420 2584 nuper
439 2533 528 2582 cursu,
547 2514 611 2566 dum
632 2513 723 2565 sidera
740 2514 838 2578 servat,

145 2590 291 2645 Exciderat
309 2594 393 2661 puppi
412 2593 509 2646 mediis
528 2591 629 2644 effusus
646 2590 674 2642 in
693 2588 779 2641 undis.

144 2668 226 2721 Hune
243 2667 290 2721 ubi
309 2669 353 2722 vix
371 2670 458 2722 multa
475 2672 610 2722 maestum
629 2665 755 2732 cognovit
772 2665 800 2716 in
819 2663 925 2729 umbra,
959 2673 996 2714 aso

143 2745 187 2799 Sic
205 2745 281 2813 prior
299 2745 469 2814 adloquitur:
494 2746 560 2810 Quis
578 2748 614 2811 te,
636 2743 769 2808 Palinure,
788 2741 900 2794 deorum

144 2821 253 2890 Eripuit
272 2820 357 2889 nobis,
375 2823 520 2891 medioque
539 2820 590 2874 sub
608 2835 726 2888 aequore
744 2817 856 2870 mersitl

145 2898 194 2951 llio
213 2914 272 2966 age.
308 2898 434 2968 Namque
452 2899 525 2966 mihi,
543 2898 626 2950 fallax
643 2895 718 2949 haud
736 2897 800 2946 ante
817 2893 952 2960 repertus,

147 2974 206 3028 Hoc
223 2991 277 3026 uno
295 2991 424 3042 responso
442 2976 561 3028 animum
580 2972 681 3026 delusit
700 2969 806 3038 Apollo,

145 3051 197 3116 Qui
216 3051 274 3103 lore
291 3054 320 3102 to
338 3055 421 3118 ponto
439 3051 607 3115 incolumem,
626 3048 742 3114 finisque
760 3043 875 3098 canebat
960 3055 997 3097 aas

148 3130 301 3182 Venturum
321 3129 464 3182 Ausonios.
502 3128 543 3180 En
561 3125 627 3178 haee
645 3121 778 3192 promissa
796 3120 867 3174 fides
883 3119 943 3175 esti

146 3205 197 3262 llle
216 3207 321 3256 autem:
345 3203 442 3272 Neque
460 3208 489 3258 te
508 3200 612 3256 Phoebi
630 3199 735 3254 cortina
751 3196 858 3266 fefellit,
