2232 3556
420 132 602 181 AENEIDOS
620 133 688 184 LIB.
709 135 774 185 XII.
971 141 1019 187 315

168 213 264 267 Victus
281 229 375 266 amore
393 213 443 278 tui,
461 216 577 282 cognate
595 215 725 282 sauguine
743 216 838 283 victus,

167 289 295 357 Coniugis
313 292 342 342 et
360 293 481 343 maestae
498 289 624 358 lacrimis,
642 291 730 344 vincla
748 293 838 346 omnio
854 293 933 364 rupi:
993 309 1020 350 so

169 365 333 419 Promissam
352 365 439 434 eripui
456 382 577 434 genero;
594 383 670 420 arma
688 367 772 436 impia
790 369 899 438 sumpsi.

168 443 209 495 Ex
227 441 273 495 illo
292 441 339 510 qui
358 457 403 495 me
421 459 505 507 casus,
523 459 601 511 quae,
621 443 720 511 Turne,
738 447 888 511 sequantur

168 519 251 584 Bella,
270 518 355 584 vides,
374 521 489 585 quantes
507 519 612 587 primus
630 519 735 586 patiare
753 519 865 574 labores.

168 595 216 647 Bis
233 611 331 662 magna
349 594 414 647 victi
431 611 522 662 pugna
540 595 585 648 m'x
603 595 672 648 urbe
690 599 801 648 tuemur

167 671 235 739 Spes
255 671 357 734 Italas-3
375 671 496 724 recalent
514 676 607 724 nostro
626 671 752 724 Tiberina
771 671 874 726 fluenta
995 689 1019 728 ss

167 747 303 815 Sanguine
322 746 419 814 adhuc,
437 749 579 815 campique
597 747 721 815 ingentes
739 747 845 800 ossibus
863 748 963 804 albent.

168 825 226 888 Quo
244 823 348 877 referor
366 824 485 878 totiens?
503 841 574 894 quae
592 827 712 877 mentem
731 824 834 878 insania
853 827 960 878 mutati

166 899 195 954 Si
213 900 304 954 Turno
323 901 457 954 exstincto
476 900 561 954 socios
579 916 640 954 sum
657 899 764 954 adscire
782 903 904 969 paratus,

166 976 221 1030 Cur
238 993 292 1030 non
310 977 437 1030 ineolumi
456 976 548 1045 potius
566 976 716 1030 certamina
735 976 821 1032 tollol

166 1052 239 1118 Quid
256 1053 447 1120 consanguinei
468 1051 571 1119 Rutuli,
589 1051 657 1120 quid
675 1055 768 1105 cetera
786 1049 866 1106 dicet'
993 1067 1019 1106 40

166 1129 255 1194 Italia,
273 1129 310 1182 ad
327 1132 443 1182 mortem
462 1128 485 1181 si
503 1129 634 1182 te—Fers
652 1127 727 1182 dieta
746 1129 898 1182 refutet!—

167 1204 346 1272 Prodiderim‚
365 1209 457 1258 natam
476 1206 504 1257 et
522 1203 654 1268 cormubia
672 1207 765 1258 nostra
783 1207 941 1272 petentem?

168 1279 282 1348 Respice
299 1297 345 1333 res
362 1279 434 1333 bello
453 1280 558 1343 varias;
577 1279 706 1334 miserere
724 1280 846 1349 parentis

168 1355 310 1423 Lougeon,
330 1373 411 1424 quem
428 1373 500 1410 nunc
517 1360 650 1410 maestum
670 1357 760 1424 patria
779 1355 874 1410 Ardea
890 1357 970 1425 longe

168 1432 280 1486 llividit.
313 1431 533 1502 Haudquaquam
552 1431 634 1486 dictis
652 1433 781 1486 violentia
800 1433 883 1486 Furni
992 1449 1017 1487 se

168 1507 301 1562 Flectitur
311 1529 317 1574 ;
336 1513 481 1578 exsuperat
499 1509 592 1576 magis,
611 1509 800 1578 aegrescitque
818 1508 963 1562 medendo.

167 1585 205 1639 Ut
222 1585 339 1654 primum
358 1586 409 1639 fari
426 1585 524 1654 potuit,
542 1585 580 1638 sic
598 1585 699 1639 institit
719 1601 775 1640 ere:

166 1662 252 1725 Quam
264 1679 314 1730 pro
327 1679 370 1715 me
379 1679 473 1715 curam
484 1662 565 1730 geris,
578 1661 647 1715 hane
659 1678 762 1730 precer,
775 1666 896 1730 optume,
908 1677 958 1730 pro
971 1675 1016 1714 me

166 1737 299 1807 Deponas,
319 1739 460 1806 letumque
479 1739 549 1790 siuas
568 1754 618 1806 pro
637 1738 718 1790 laude
737 1738 844 1804 pacisci.

167 1814 202 1868 Et
218 1831 267 1868 nos
285 1814 349 1880 tela,
367 1819 454 1882 pater,
472 1813 630 1880 ferrumque
648 1813 723 1864 haud
742 1813 833 1865 debile
852 1813 952 1866 dextra
992 1827 1017 1866 ω

125 1945 127 1950 .
166 1889 339 1957 Spargimus;
358 1893 386 1941 et
403 1891 497 1939 nostro
517 1888 642 1953 sequitur
660 1887 696 1939 de
715 1888 823 1940 volnere
842 1888 957 1956 sanguis.

168 1963 260 2030 Longe
278 1963 317 2014 illi
336 1961 389 2014 dea
406 1966 495 2014 mater
514 1962 574 2026 erit,
594 1978 664 2028 quae
683 1961 754 2014 nube
772 1963 894 2028 fugacem

168 2038 297 2092 Feminea
314 2040 399 2104 tegat,
418 2041 447 2090 et
466 2036 541 2088 vanis
561 2053 620 2088 sese
639 2037 744 2090 occulat
763 2036 876 2106 umbris

205 2117 243 2167 At
262 2113 364 2182 regina,
383 2129 453 2165 nova
470 2129 577 2181 pugnae
595 2113 744 2166 conterrita
763 2118 844 2175 sorte,

168 2190 273 2258 Flebat,
291 2193 320 2243 et
338 2189 482 2242 ardentem
499 2205 631 2256 generum
650 2188 783 2241 moritura
801 2188 926 2242 tenebat:
994 2207 1018 2244 es

167 2266 264 2330 Turne,
282 2283 331 2334 per
349 2265 398 2320 has
417 2281 468 2333 ego
487 2269 516 2318 te
535 2265 666 2330 lacrimas,
685 2281 734 2332 per
753 2265 775 2317 si
794 2265 856 2333 quis
875 2266 993 2320 Amatae

167 2343 265 2411 Tangit
282 2343 366 2397 honos
384 2343 612 2409 animum—spes
631 2345 662 2394 tu
680 2358 751 2394 nunc
770 2358 830 2408 una,
850 2345 976 2396 senectae

167 2419 208 2473 ru
225 2420 335 2490 requies
353 2420 485 2484 miserae;
504 2418 588 2471 decus
606 2417 797 2486 irrpcriumque
816 2417 907 2470 Latini

167 2496 205 2550 Te
222 2514 322 2565 penes,
340 2497 368 2550 in
386 2501 415 2550 te
434 2495 520 2549 omnis
539 2493 635 2547 domus
654 2494 782 2548 inclinata
801 2494 971 2548 recumbit-

167 2571 258 2625 Unum
277 2589 338 2627 oro:
357 2573 460 2626 desiste
478 2587 589 2624 manum
607 2571 779 2623 committere
800 2570 916 2623 Teucris
993 2584 1019 2623 eo

168 2649 220 2712 Qui
237 2653 266 2702 te
284 2665 400 2717 cumque
417 2652 529 2701 manent
547 2648 600 2700 isto
618 2647 766 2700 certamine
785 2663 870 2711 casus,

168 2725 203 2778 llt
220 2742 274 2794 me,
294 2725 390 2790 Turne,
409 2728 535 2788 manent,
554 2723 634 2775 simul
653 2722 720 2775 haec
738 2721 824 2775 invisa
842 2721 994 2790 relinquam

168 2801 289 2869 Lumina,
307 2818 357 2854 nce
375 2817 506 2869 generum
528 2803 639 2852 Aenean
659 2798 767 2866 captiva
784 2797 889 2850 videbo.

169 2877 283 2947 Accepit
301 2893 394 2930 vocem
411 2876 530 2929 lacrimis
548 2874 661 2927 Lavinia
679 2873 775 2926 matris

168 2953 323 3021 Flagrantis
340 2952 451 3021 perfusa
467 2968 559 3020 genae,
578 2951 621 3004 cui
639 2950 772 3018 plurimus
791 2948 881 3015 ignem
992 2962 1017 3002 es

164 3027 289 3094 ,Subieeit
307 3029 397 3096 rubor,
416 3033 445 3082 et
463 3027 593 3081 calefacta
610 3043 661 3095 per
680 3041 727 3077 ora
746 3024 874 3077 cucurrit.

169 3103 268 3158 Indum
285 3105 434 3173 sanguineo
453 3104 536 3158 veluti
555 3101 697 3155 violaverit
715 3105 789 3153 ostro

166 3179 196 3234 si
213 3181 275 3300 {igis
293 3179 370 3249 ebur,
389 3185 438 3234 aut
456 3181 543 3233 mixta
560 3177 661 3231 rubent
679 3175 726 3228 ubi
744 3175 800 3228 lilia
820 3173 907 3228 multa
