2274 3554
131 163 162 208 92
370 159 398 204 P.
418 157 571 203 VERGILI
590 156 755 202 MARONIS

131 239 220 306 Perge
238 237 326 303 mode,
345 242 429 304 atque
448 237 509 289 hinc
528 243 556 289 te
575 237 685 303 reginae
704 235 740 288 ad
757 236 850 291 limina
867 239 966 308 perfer.

130 314 256 382 Namque
274 312 325 366 tibi
343 314 458 366 reduces
477 313 562 365 socios
581 313 751 382 classemque
768 313 883 368 relatam
947 329 983 370 aee

130 391 235 444 Nuntio
253 391 327 444 etin
345 394 436 444 tutum
456 390 541 441 versis
560 390 733 456 aquilonibus
752 399 848 457 acuam,

131 467 167 520 Ni
185 468 287 521 frustra
305 468 449 536 augurium
469 466 530 519 vani
551 466 669 518 docuere
688 477 823 535 parentes.

131 546 233 613 Aspice
251 545 292 598 bis
311 561 390 597 senos
408 543 535 603 laetantis
555 543 662 610 agmine
681 561 783 612 cycnos,

131 623 263 676 Aetheria
282 639 349 689 quos
367 621 444 688 lapsa
461 619 542 686 plaga
562 620 634 672 lovis
653 621 710 674 ales
729 625 826 691 aperte

131 698 376 762 Turbabatcae103
395 714 467 749 nunc
486 700 576 750 terras
595 699 691 752 ordine
711 699 790 766 longo
948 713 985 753 aas

132 779 189 829 hut
207 793 304 844 capere
322 778 371 828 aut
389 779 481 843 captus
499 775 554 827 iam
572 775 734 844 despectare
752 776 895 832 videntur:

132 853 169 906 Ut
187 852 302 906 reduces
320 852 359 905 illi
377 851 477 905 ludunt
496 851 676 906 stridentibus
695 854 751 922 alis,

131 929 166 981 Et
184 933 264 983 coctu
282 929 392 986 cinxere
411 930 509 998 polum,
528 933 679 999 cantusque
698 930 808 998 dedere,

130 1006 214 1059 Haud
233 1007 313 1061 aliter
330 1024 489 1076 puppesque
508 1012 573 1060 tuae
590 1007 732 1076 pubesque
751 1013 860 1061 tuorum

130 1086 189 1136 Aut
206 1089 316 1152 portum
335 1088 425 1154 tenet,
439 1089 486 1138 aut
505 1085 585 1154 pleno
605 1085 679 1138 subit
698 1088 768 1140 ostia
785 1085 852 1138 velo.
948 1099 984 1138 scu

129 1158 219 1228 Perge
236 1162 325 1229 modo,
344 1166 379 1228 et,
399 1167 501 1230 quate
520 1163 596 1215 ducit
615 1165 664 1229 via,
685 1163 773 1230 dirige
791 1179 923 1230 gressum.

164 1237 248 1301 Dixit,
268 1243 296 1291 et
315 1243 441 1292 avertens
460 1255 538 1291 rosea
558 1240 664 1292 cervice
682 1240 796 1307 refulsit,

130 1313 347 1382 Ambrosiaeque
366 1331 459 1367 comae
478 1315 599 1368 divinum
619 1319 720 1370 vertice
738 1317 851 1370 odorem

130 1389 280 1458 Spiravcre,
299 1391 385 1458 pedes
404 1393 488 1444 vestis
508 1391 624 1445 defluxit
642 1393 678 1445 ad
696 1394 772 1459 imos,

130 1467 166 1520 Et
183 1484 248 1520 vera
264 1468 370 1519 incessu
387 1469 478 1534 patuit
497 1469 555 1520 dea.
594 1468 646 1522 ille
664 1469 711 1521 ubi
730 1474 847 1523 matrem
948 1481 985 1521 scs

130 1543 279 1611 Adgnovit,
297 1543 346 1596 tali
364 1544 515 1610 fugientem
535 1547 578 1596 est
596 1560 661 1597 voce
679 1550 802 1598 secutus:

130 1619 202 1684 Quid
220 1624 315 1672 uatum
333 1619 444 1685 totiena,
463 1619 582 1672 crudelis
601 1623 633 1672 tu
651 1637 768 1688 quoque,
786 1621 861 1675 falsis

129 1695 214 1750 Ludis
232 1697 411 1765 imaginibusl
430 1713 479 1748 cur
497 1696 612 1748 dextrae
631 1696 744 1763 iungere
763 1696 890 1749 dextram

129 1773 190 1827 Non
209 1774 291 1827 datur
308 1791 339 1826 ac
358 1789 436 1827 veras
455 1772 550 1826 audire
570 1777 599 1824 et
618 1772 736 1825 reddere
755 1773 851 1826 vocesl

129 1850 238 1903 'l'alibus
256 1851 370 1916 incusat,
388 1865 569 1917 gressumque
588 1847 623 1901 ad
642 1849 748 1902 moenia
766 1847 864 1902 tendit.
949 1860 984 1899 sn

130 1928 170 1980 At
188 1927 281 1980 Venus
300 1926 414 1980 obscuro
432 1920 584 1995 gradientis
603 1943 666 1980 nere
685 1927 795 1996 saepsit,

130 2003 166 2057 Et
182 2004 268 2056 multo
287 2004 403 2058 nebulae
422 2005 523 2057 circum
543 2003 595 2057 dea
614 2004 686 2057 rudit
704 2004 812 2070 amictu,

129 2081 248 2134 Cernere
266 2098 301 2134 ne
319 2082 380 2149 quis
399 2097 452 2148 eos,
471 2097 523 2134 neu
544 2081 604 2149 quis
626 2081 783 2148 contingere
802 2079 903 2149 posset,

129 2156 254 2210 Molirive
272 2174 384 2225 moram,
403 2162 451 2211 aut
470 2157 597 2211 veniendi
617 2175 729 2226 poscere
748 2173 866 2211 sarissas.

130 2233 194 2301 Ipsa
213 2233 336 2303 Paphum
355 2234 476 2288 sublimis
495 2234 560 2300 abit,
580 2235 714 2304 sedesque
732 2235 826 2288 revisit
947 2245 983 2286 41⁶

129 2309 214 2364 hacta
232 2327 302 2379 suas,
320 2311 367 2364 ubi
386 2313 519 2380 templum
539 2312 585 2378 illi,
607 2317 771 2380 centumque
791 2309 895 2363 Sirbaeo

128 2386 199 2440 Ture
217 2388 306 2440 calent
325 2405 389 2442 arae
408 2390 546 2457 sertisque
565 2388 721 2442 recentibus
739 2387 840 2440 halant.

163 2463 326 2531 Corripuere
344 2465 415 2517 viam
434 2465 547 2531 interea,
569 2482 623 2532 qua
641 2465 740 2518 semita
757 2465 899 2518 monstrat.

129 2539 242 2607 Iamque
261 2541 446 2594 ascendebant
465 2542 568 2608 collem,
590 2541 637 2610 qui
655 2541 789 2609 plurimus
806 2539 869 2594 urbi

129 2616 259 2669 Imminet
277 2616 460 2684 adversasque
479 2617 622 2687 adspectat
641 2618 760 2686 desuper
778 2633 861 2670 arces.
944 2629 982 2669 sae

128 2691 247 2746 Miratur
264 2693 363 2746 molem
383 2695 499 2758 Aeneas
519 2694 634 2762 magalia
653 2694 800 2762 quondam,

128 2769 246 2823 Miratur
264 2775 357 2839 portas
376 2771 577 2841 strepitumque
596 2776 625 2826 et
645 2776 732 2826 strata
749 2773 863 2826 viarum.

128 2847 238 2901 Instant
256 2848 385 2902 ardentes
404 2848 476 2916 Tyrii
494 2865 558 2916 pars
577 2849 678 2902 ducere
695 2865 788 2903 muros
879 2853 882 2858 ’

127 2923 272 2992 Molirique
290 2941 379 2978 arcem
398 2931 427 2978 ct
445 2925 570 2978 manibus
590 2924 749 2978 subvolvere
767 2941 840 2987 saxa,

128 3000 196 3054 Pars
214 3005 309 3068 optare
327 3002 414 3055 locum
434 3006 507 3055 tecto
526 3005 555 3055 et
573 2999 734 3054 concludere
752 3002 840 3060 sulco:
944 3014 980 3054 asu

127 3076 194 3131 Iura
211 3078 442 3148 magistratusque
460 3079 555 3145 legunt
574 3082 753 3148 sanctumque
773 3083 913 3142 senatum

127 3153 181 3208 Hic
198 3159 293 3224 portus
311 3155 357 3209 alii
373 3157 517 3210 effodiunt:
535 3155 578 3209 hie
597 3156 653 3210 alta
670 3155 771 3210 theatri

127 3227 318 3285 Fundamenta
335 3230 426 3288 locent
443 3232 498 3301 alii,
515 3231 686 3302 inmaniaque
704 3231 843 3285 columnas
