2242 3550
112 166 142 211 30
337 161 366 210 P.
389 161 538 210 VERGILI
555 163 687 214 MARON
689 167 721 216 IS

112 243 195 296 Haud
213 245 327 298 obscura
345 242 444 295 cadens
462 243 556 296 mittet
573 245 623 297 tibi
642 248 717 315 sigma
737 249 855 304 Bootes:
1114 249 1116 292 ἑ

115 320 212 388 incipe,
231 326 259 374 et
278 321 313 374 ad
333 319 436 372 medias
456 323 605 374 sementem
625 325 744 380 extende
763 326 880 396 pruinae.
932 342 969 382 aso
1114 299 1116 378 1

148 397 252 451 Idcirco
270 398 353 451 certis
373 396 526 450 dimensum
544 398 668 465 partibus
687 403 780 456 orbern

115 474 167 528 Per
184 474 310 546 duodena
328 475 400 541 regit
417 473 512 527 mundi
530 474 575 528 Sol
594 492 693 532 aureus
711 484 792 534 astra.

114 552 237 622 Quinque
255 556 353 605 tenent
372 552 475 604 caelum
495 567 594 616 zonac;
614 571 728 622 quarum
748 573 802 608 una
819 573 930 610 corrasco

113 629 227 698 Semper
244 629 299 683 sole
317 629 419 682 rubens
437 631 467 680 et
484 627 589 680 torrida
607 646 715 699 semper
733 631 768 685 ab
785 633 856 700 igni;

114 707 200 771 Quam
213 707 312 759 circum
325 709 465 758 extremae
478 704 577 757 dextra
589 707 720 776 laevaque
733 709 887 774 trahuntur,
930 724 968 764 aas

114 783 244 837 Caerulea
262 782 348 849 glacie
367 784 509 834 concretae
527 785 611 850 atque
629 784 762 838 imbribus
781 786 865 850 atris3

116 860 174 912 Has
190 860 264 912 inter
283 859 455 926 mediamque
474 857 545 910 duae
564 861 724 914 mortalibus
743 862 833 930 aegris

115 936 230 989 Munere
248 951 391 988 concessae
411 934 508 1000 divom,
528 939 556 988 et
575 937 617 990 via
636 943 711 991 secta
728 955 779 1006 per
796 937 897 1002 ambas,

115 1012 246 1081 Obliquus
264 1029 318 1080 qna
337 1029 366 1064 se
385 1012 522 1078 signorum
541 1018 664 1068 verteret
684 1015 757 1068 orde.

114 1089 239 1154 Mundus,
250 1093 282 1142 ut
294 1089 330 1141 ad
343 1089 478 1155 Scythiam
498 1089 687 1160 Rhipaeasque
701 1091 801 1144 arduus
813 1106 888 1144 arces
931 1103 967 1142 140

115 1165 267 1234 Consurgit,
285 1166 419 1234 premitur
439 1165 540 1234 Libyae
560 1167 679 1221 devexus
697 1169 724 1221 in
743 1172 857 1221 austres.

116 1242 168 1295 Hie
186 1247 281 1296 vertex
299 1242 376 1294 nobis
395 1259 503 1310 semper
521 1243 657 1309 sublimis;
677 1249 706 1297 at
725 1245 799 1296 illmn

115 1319 170 1371 Sub
189 1319 304 1386 pedibus
323 1319 388 1385 Styx
408 1323 469 1370 atra
487 1319 562 1371 sidet
581 1321 730 1388 Manesque
749 1317 884 1387 profundi.

115 1395 258 1448 Maxannus
276 1395 319 1447 hic
338 1395 410 1446 flexu
429 1396 535 1446 sinuoso
554 1395 672 1447 clabitur
693 1394 797 1461 Anguis

114 1472 222 1526 Circum
240 1488 344 1541 perque
363 1470 431 1523 duas
449 1472 476 1523 in
495 1487 598 1523 rnorem
617 1471 733 1523 fluminis
752 1471 861 1536 Arctos,
931 1483 967 1522 ass

117 1551 216 1602 Arctos
236 1547 335 1601 Oceani
353 1547 501 1600 metuentis
519 1563 637 1614 aequore
655 1547 750 1614 tingui.

116 1626 181 1694 illie,
199 1629 230 1679 ut
248 1624 400 1693 perhibent,
419 1627 467 1676 aut
485 1623 651 1691 intempesta
670 1624 731 1678 silet
748 1640 801 1677 nox

115 1706 235 1772 t'emper,
254 1705 283 1754 et
300 1701 413 1753 obtenta
432 1700 581 1753 densantur
595 1705 674 1754 nocte
690 1701 826 1767 tenebrae,

115 1781 174 1833 Aut
191 1779 265 1832 redit
283 1795 299 1830 a
317 1777 394 1830 nobis
415 1779 523 1830 Aurora
542 1777 670 1845 diemque
689 1777 803 1844 reducit,

114 1856 226 1924 Nosque
244 1855 291 1908 ubi
309 1855 411 1922 prinms
430 1854 506 1922 equis
525 1853 622 1907 Oriens
640 1854 752 1908 adflavit
770 1853 880 1920 anhelis,
929 1868 966 1908 aso

116 1933 174 1986 lllic
193 1949 253 1985 scra
271 1932 371 1984 rubens
389 1930 513 1984 accendit
531 1931 632 1984 lumina
651 1931 762 1999 Vesper.

116 2009 186 2061 Hinc
205 2012 384 2076 tempestates
402 2007 483 2060 dubio
502 2007 674 2075 praediscere
692 2008 766 2061 caelo

117 2085 269 2151 Possumus,
287 2085 349 2138 hinc
367 2085 517 2153 messisque
535 2083 607 2138 diern
625 2088 787 2152 tempusque
806 2082 922 2147 serendi,

116 2161 151 2214 111
169 2161 278 2229 quando
296 2161 410 2214 infidum
429 2162 510 2214 rcrnis
528 2161 658 2230 inpellere
676 2178 794 2214 marmor

116 2237 271 2304 Conveniat,
290 2238 399 2305 qnando
417 2242 536 2290 armatas
555 2237 690 2290 deducere
708 2237 807 2299 classis,
929 2250 964 2288 aas

116 2316 174 2367 Aut
192 2314 381 2382 tempestivam
401 2314 474 2366 siluis
492 2318 617 2366 evertere
636 2314 741 2380 pinum:

115 2389 174 2443 Nec
190 2390 293 2442 frustra
312 2390 448 2456 signorum
467 2389 555 2440 obitus
575 2388 744 2455 speculamur
762 2395 791 2441 ct
809 2393 892 2454 ortus,

115 2465 347 2534 ‘l'emporibnsquc
366 2481 460 2533 parem
479 2463 593 2516 diversis
611 2467 740 2530 quattuor
758 2481 864 2519 annum,

151 2541 279 2610 Frigidus
297 2541 442 2608 agricolam
461 2539 609 2608 siquando
628 2541 748 2594 eontinet
766 2541 860 2609 imber,

117 2618 210 2682 Multa,
229 2619 319 2670 forent
337 2633 407 2685 quac
426 2633 489 2669 mox
508 2616 581 2669 caclo
600 2618 772 2684 properanda
790 2634 893 2683 sereno,
929 2633 966 2670 100

116 2695 255 2748 Maturare
274 2695 369 2747 datur:
390 2693 489 2746 durum
508 2691 636 2763 procudit
654 2697 745 2747 arator

116 2771 241 2825 Vomeris
260 2770 368 2824 obtunsi
386 2769 505 2837 dentem,
523 2773 602 2823 cavat
620 2770 717 2823 arbore
736 2771 836 2834 lintres,

119 2851 174 2902 Aut
192 2847 283 2917 pecori
302 2847 407 2915 signum
426 2852 474 2900 aut
492 2862 619 2899 numeros
637 2846 766 2915 inpressit
783 2847 893 2899 aceruis.

117 2925 258 2978 Exacuunt
277 2924 320 2977 alii
339 2924 423 2976 vallos
441 2924 584 2991 furcasque
603 2923 726 2990 bicornis,

117 3005 210 3072 Atque
230 3003 361 3056 1111101100
379 3005 476 3070 parant
495 3001 586 3054 lentae
605 3000 753 3052 retinacula
770 2999 826 3051 viti.
928 3011 966 3050 aas

115 3079 194 3133 Nunc
212 3080 296 3132 tacitis
314 3078 400 3132 rubea
418 3082 529 3132 texatur
547 3077 640 3130 fiscina
658 3077 748 3144 virga3

115 3156 194 3210 Nunc
211 3159 315 3215 torrete
333 3156 389 3223 igni
407 3157 508 3223 fruges,
526 3171 597 3207 unire
611 3153 729 3221 frangite
746 3154 820 3206 saxo.

115 3233 221 3302 Quippe
240 3234 320 3286 etiarn
340 3233 417 3286 festis
436 3231 569 3301 quaedam
588 3247 717 3284 exercerc
736 3228 833 3284 diebus
