2234 3554
410 167 590 216 AENElDOS
608 165 676 214 LIB.
697 164 777 213 VHI.
967 167 1013 213 239

165 252 224 306 Rex
243 252 317 320 prior
335 249 414 304 haec:
495 303 497 306 .

163 331 293 384 Maxume
307 329 471 381 Teucrorum
485 327 589 392 ductor,
603 342 656 394 quo
670 325 772 392 sospite
785 341 934 394 numquam
975 336 1011 378 sto

165 406 220 458 llos
239 405 365 472 equidem
384 405 480 456 'l'roiae
498 404 583 455 victas
601 407 649 454 aut
667 419 750 469 regna
767 401 880 472 fatebor,

163 482 250 534 Nobis
266 480 304 532 ad
322 480 386 532 belli
405 480 534 532 auxilium
553 494 602 545 pro
621 478 728 530 nomino
747 480 826 530 tanto

152 560 286 626 ‘Exiguae
305 558 388 610 vires:
410 555 472 608 hinc
491 555 577 608 Tusco
595 553 748 606 claudimur
766 554 846 620 amni,

164 636 237 689 Hinc
256 634 374 687 Rutulus
392 634 500 701 premit,
520 636 549 685 et
567 647 674 683 murum
694 630 874 684 circumsonat
891 631 982 698 armis,

162 713 219 766 Sed
236 712 287 765 tibi
306 727 357 778 ogo
375 709 493 777 ingentis
510 707 624 778 populos
643 707 826 776 opulentaque
844 707 936 775 regnis
977 722 1013 762 411

163 790 281 856 Iungere
299 783 389 840 castra
406 803 480 855 paro,
500 785 656 854 quamlfors
674 784 784 851 inopina
801 785 918 838 salutern

163 866 298 920 Ostentat.
336 865 412 917 Eatis
430 863 483 916 huc
501 867 531 916 te
549 861 723 932 poscentibus
741 862 839 914 adfers.

163 941 247 995 Haud
265 941 358 1010 procul
377 940 441 992 hinc
460 956 525 993 saxo
543 938 669 992 incolitur
690 937 807 992 fundata
824 941 934 992 vetusto

162 1018 246 1072 Urbis
266 1017 409 1086 Agyllinae
427 1016 515 1083 sedes,
533 1016 580 1068 ubi
599 1014 685 1083 Lydia
703 1017 840 1083 quondam

162 1096 243 1161 (lens,
262 1095 333 1148 bello
351 1094 499 1162 praeclara,
517 1093 587 1160 iugis
605 1091 708 1160 insedit
729 1093 856 1146 Etruscis,
976 1108 1013 1147 eso

163 1172 243 1225 Hanc
261 1170 362 1224 multos
379 1169 521 1222 florentem
539 1185 623 1222 annos
641 1185 690 1220 rex
708 1169 808 1222 deinde
826 1169 943 1238 superbo

165 1249 273 1316 Inpen'o
289 1251 320 1300 et
337 1246 424 1300 saevis
443 1246 534 1298 tenuit
553 1245 706 1298 Mezentius
724 1245 812 1298 armis.

164 1325 236 1387 Quid
254 1340 402 1376 memorem
421 1321 545 1375 infandas
564 1321 668 1387 caedes,
688 1321 755 1390 quid
773 1323 846 1376 fecta
863 1323 970 1392 tyranni

166 1401 268 1454 Efferat
290 1399 318 1452 di
336 1399 418 1468 capiti
435 1399 520 1467 ipsius
538 1398 687 1466 generique
706 1402 860 1452 reservent!

164 1475 273 1530 Mortua
290 1477 355 1545 quin
373 1477 456 1530 etiam
474 1475 605 1543 iungebat
622 1491 737 1542 corpora
755 1475 829 1542 vivis,
975 1491 1012 1528 sss

164 1553 325 1622 Conponens
342 1551 522 1620 manibusque
542 1568 636 1604 manus
655 1555 739 1619 atquc
758 1551 849 1606 oribus
867 1569 922 1618 ora,

164 1629 303 1683 'Tormenti
320 1647 414 1696 genus,
433 1633 461 1682 et
480 1629 554 1681 sanie
574 1627 693 1696 taboque
712 1628 822 1682 fluentis

163 1706 304 1774 Conplexu
321 1706 349 1758 in
367 1705 466 1758 misero
484 1705 565 1772 longa
582 1705 620 1756 sic
638 1709 726 1758 morte
744 1704 865 1759 necabat

165 1781 203 1836 At
221 1783 285 1835 fessi
302 1781 415 1834 tandem
434 1782 506 1834 cives
523 1781 635 1833 infanda
653 1780 787 1834 furentem
925 1839 927 1844 ¹

165 1858 274 1910 Armati
293 1858 495 1910 circumsistunt
514 1857 657 1923 ipsumque
677 1857 850 1926 domumque,
977 1873 1013 1913 rso

164 1934 337 1986 Obtruncant
355 1933 448 1999 socios,
466 1933 557 1998 ignem
576 1931 612 1984 ad
630 1932 739 1998 fastigia
756 1933 866 1986 iactant.

166 2009 217 2062 lllc
233 2010 307 2062 inter
324 2008 435 2061 caedem
455 2007 619 2060 Rutulorum
641 2007 748 2074 elapsus
765 2009 793 2060 in
810 2027 891 2076 agros

165 2084 324 2151 Confugere,
342 2087 371 2135 et
389 2083 472 2136 Turni
492 2082 635 2136 defendier
653 2082 768 2149 hospitis
786 2085 875 2137 armis.

165 2161 236 2229 Ergo
255 2159 341 2212 omnis
358 2159 437 2212 furiis
455 2160 574 2212 surrexit
593 2159 704 2212 Etruria
721 2159 813 2223 iustis3
973 2210 976 2216 ,

165 2238 270 2305 Regem
288 2236 324 2290 ad
343 2236 504 2304 supplicium
523 2236 660 2304 praesenti
680 2236 771 2290 Marte
789 2242 942 2305 reposcunt.
977 2255 1013 2298 ses

166 2315 218 2366 His
236 2330 287 2381 ego
306 2317 342 2380 te,
363 2315 465 2381 Aenea,
484 2312 626 2366 ductorem
646 2312 755 2366 milibus
773 2313 880 2367 addam.

164 2392 232 2445 'loto
251 2407 368 2460 namque
386 2391 506 2456 fremunt
524 2389 675 2443 condensae
694 2389 772 2444 litore
790 2407 903 2460 puppes,

164 2468 302 2535 Signaque
319 2468 392 2522 ferro
409 2467 518 2532 iubent;
539 2467 639 2520 retinet
658 2467 804 2536 longaevus
822 2468 958 2538 haruspex

166 2545 235 2598 Fata
253 2562 364 2598 canens:
385 2544 408 2597 Ο
427 2545 569 2598 Maeoniae
587 2543 695 2597 delecta
712 2544 846 2612 iuventus,

165 2622 229 2675 Elos
241 2625 364 2675 veterum
377 2622 519 2689 virtusque
531 2621 625 2687 virum,
638 2638 706 2689 quos
718 2622 806 2676 iustus
818 2621 846 2674 in
859 2622 966 2677 hostem
977 2637 1014 2676 coe

167 2699 232 2752 Eert
250 2699 327 2752 dolor
346 2703 374 2752 et
392 2699 490 2751 merita
508 2697 632 2752 accendit
652 2698 803 2752 Mezentius
821 2699 868 2765 ira,

165 2775 240 2828 Nulli
258 2776 299 2829 fas
319 2775 390 2828 Italo
408 2778 515 2829 tantam
535 2774 698 2842 subiungere
716 2768 841 2842 gentem:

166 2853 301 2906 Externos
319 2855 414 2922 optate
433 2853 523 2906 duces.
561 2851 629 2904 Tum
649 2852 765 2904 Etrusca
782 2851 887 2906 resedit

166 2929 226 2982 Hoc
244 2930 316 2984 acies
333 2946 435 2997 canipe,
453 2929 563 2982 monitis
580 2929 713 2982 exterrita
731 2929 828 2981 divom.

167 3007 230 3074 lpse
248 3011 370 3059 oratores
388 3005 424 3059 ad
441 3023 485 3060 me
503 3006 635 3074 regnique
653 3021 779 3058 coronam
978 3020 1014 3062 tot

164 3083 233 3137 (lum
252 3088 361 3152 sceptro
379 3083 453 3137 misit
470 3084 637 3152 mandatque
656 3083 770 3150 insignia
788 3082 918 3150 Tarchon,

164 3160 313 3214 Succedam
331 3161 437 3229 castris,
456 3161 647 3229 Tyrrhenaque
665 3177 749 3228 regna
767 3176 913 3228 capessam.

164 3237 217 3294 Sed
237 3239 303 3292 mihi
321 3237 403 3294 tarda
420 3238 483 3303 gelu
501 3238 650 3308 saeclisque
667 3237 749 3291 effeta
767 3241 892 3293 senectus
