2234 3554
127 145 173 197 172
360 146 388 192 P.
406 145 560 192 VERGILI
578 146 741 196 malsonus

127 229 180 280 Ast
197 227 273 280 illurn
291 225 339 278 fidi
357 225 492 294 aequales,
511 241 600 293 genua
618 241 701 292 aegra
718 225 881 292 trahentem,

127 303 333 372 laetantemque
352 307 469 371 utroque
487 306 576 371 caput,
594 319 770 370 crassumque
787 318 912 356 cruorem

126 379 181 433 Ore
198 381 360 432 eiectantem
379 379 534 447 mixtosque
553 379 578 430 in
599 378 729 445 sanguine
748 378 852 444 dentes,
942 389 976 430 uo

126 455 235 509 Ducunt
253 455 289 509 ad
306 457 397 518 navis;
415 455 574 523 galeamque
593 471 740 522 ensemque
757 455 845 508 vocati

126 533 286 600 Accipiunt3
304 533 422 600 palmam
444 531 550 584 Entello
569 536 733 598 taurumque
751 531 916 600 relinquunt

127 609 179 662 Hic
196 609 290 672 vietor,
309 622 441 675 superans
457 607 554 660 animis
571 611 706 675 tauroque
724 607 871 675 superbus:

125 685 197 738 Nate
216 685 275 749 dea,
294 699 393 752 vosque
415 685 489 748 haec,
507 685 603 752 inquit,
621 683 782 751 cognoscite,
801 683 907 749 Teucri,

128 763 160 814 ut
179 761 244 813 mihi
263 777 333 828 quae
352 762 452 813 tuerint
470 760 587 814 iuvenali
605 761 632 813 in
650 775 763 828 corpore
780 759 860 826 vires,
942 771 976 810 eu

129 839 160 889 llt
179 854 233 904 qua
251 837 365 890 servetis
384 842 539 890 revocatum
557 853 574 889 a
592 840 681 889 morte
700 836 810 889 Dareta

127 912 207 976 llixit,
225 919 253 966 et
272 913 379 965 adversi
399 917 493 966 eontra
512 914 591 966 stetit
609 929 657 965 ora
674 912 788 977 iuvenci,

126 989 175 1052 uui
195 988 294 1041 donum
314 989 442 1042 adstabat
461 1005 574 1056 pugnae,
594 989 731 1056 durosque
750 989 865 1041 reducta

128 1063 247 1117 Libravit
266 1065 364 1118 dextra
384 1065 473 1118 media
490 1066 563 1118 inter
580 1081 680 1118 comua
698 1068 812 1132 caestus,

127 1140 244 1198 Arduus,
261 1137 428 1208 effractoque
448 1141 532 1194 inlisit
549 1141 577 1194 in
596 1157 657 1194 ossa
675 1140 795 1194 cerebro.
940 1156 975 1196 eo

125 1218 261 1270 Sternitur
277 1217 463 1284 exanimisque
483 1223 603 1270 tremens
621 1217 775 1284 procumbit
794 1216 868 1268 humi
886 1217 942 1270 bos.

128 1293 176 1346 llle
198 1307 280 1359 super
294 1295 356 1348 talis
375 1293 491 1348 effundit
507 1299 618 1363 pectore
637 1309 729 1348 voces:

127 1369 204 1422 lianc
222 1369 280 1434 tibi,
300 1370 379 1438 llryx,
399 1371 538 1424 meliorem
556 1372 673 1422 animam
691 1386 741 1438 pro
757 1373 846 1425 morte
863 1365 975 1424 Daretis

127 1445 266 1511 Persolv03
284 1446 327 1499 hie
346 1449 429 1500 victor
449 1453 557 1500 caestus
575 1451 718 1514 artemque
736 1463 845 1513 repono.

160 1521 286 1575 Protinus
309 1528 417 1575 horreas
432 1523 515 1576 celeri
532 1527 640 1576 certare
659 1523 759 1590 sagitta
940 1535 975 1572 sss

126 1598 228 1651 Invitat
246 1600 292 1666 qni
309 1597 380 1653 sorte
401 1599 493 1664 velint,
511 1603 540 1652 et
557 1598 680 1667 praemia
697 1599 782 1667 ponit,

126 1674 289 1741 ingentique
306 1689 388 1729 manu
405 1675 505 1728 malum
523 1674 559 1728 de
577 1690 646 1728 rrave
666 1675 768 1728 Seresti

126 1750 218 1818 llrigit,
238 1756 265 1804 ct
285 1755 419 1804 volucrem
440 1752 553 1804 traiecto
571 1751 598 1804 in
618 1751 683 1804 luno
701 1751 862 1816 columbam,

124 1828 183 1891 Quo
201 1827 316 1882 tendant
334 1829 444 1892 serrum,
465 1828 534 1880 analo
553 1827 696 1895 suspendit
714 1828 749 1880 ab
767 1828 830 1880 altr».

124 1903 280 1957 Convenere
298 1904 355 1967 viri,
373 1907 562 1972 deiectamque
580 1921 660 1956 aerea
678 1908 780 1957 sortem
939 1913 975 1951 ew

127 1980 240 2048 Accepit
257 1981 349 2048 galea;
368 1990 396 2034 ct
416 1981 518 2048 primus
537 1980 654 2034 elamore
673 1979 791 2034 secundo

125 2057 290 2122 Hyrtacidae
308 2061 372 2110 ante
390 2057 476 2110 omnis
494 2057 551 2110 exit
570 2059 643 2110 locus
664 2055 875 2125 Hippocoontis3

124 2134 210 2197 Quem
228 2134 309 2186 modo
326 2137 413 2186 nartali
433 2134 595 2187 Mnestheus
613 2134 763 2186 certamine
782 2133 866 2185 vietor

123 2211 314 2280 Consequitur,
332 2211 413 2263 viridi
431 2211 592 2264 Mnestheus
611 2209 735 2262 evinctus
753 2209 830 2262 oliva.

123 2285 232 2340 Tertius
250 2287 388 2355 Eurytion,
406 2289 478 2352 tune,
497 2303 513 2338 o
531 2286 686 2351 clarissime,
705 2285 798 2349 frater,
939 2296 976 2336 sss

124 2363 254 2426 Pandare,
273 2364 320 2430 qui
337 2362 481 2431 quondam,
499 2362 587 2414 iussus
607 2361 775 2414 confundere
792 2358 895 2425 foedus,

124 2439 156 2491 ln
174 2438 278 2492 medios
297 2439 381 2490 telum
399 2437 504 2490 torsisti
521 2438 626 2504 primus
645 2435 771 2489 Achivos.

123 2514 270 2568 Extremus
287 2514 419 2581 galeaque
437 2513 492 2565 ima
510 2513 634 2566 subsedit
653 2515 777 2578 Acestes

124 2593 215 2643 Ausus
233 2593 262 2643 et
280 2590 338 2657 ipse
355 2605 437 2642 manu
454 2589 583 2642 iuvenum
601 2592 739 2658 temptare
757 2588 885 2642 laborem.

122 2666 190 2718 'l'um
207 2666 304 2720 validis
321 2666 406 2720 flexos
423 2667 567 2720 incurvant
585 2666 688 2720 viribus
706 2683 785 2720 arcus
939 2679 974 2720 teo

123 2742 176 2796 Pro
194 2759 224 2797 se
242 2743 356 2812 quisque
374 2744 433 2812 viri,
452 2747 481 2798 et
499 2743 664 2812 depromunt
682 2743 739 2796 tela
756 2743 898 2810 pharetris.

124 2819 269 2888 Primaque
286 2835 336 2888 per
353 2821 458 2874 caelum
476 2837 560 2873 nervo
579 2819 714 2872 stridente
733 2819 835 2885 sagitta

124 2895 290 2964 Hyrtacidae
307 2897 410 2950 iuvenis
429 2896 544 2950 volucris
563 2895 722 2949 diverberat
739 2909 836 2957 auras;

123 2972 158 3025 Et
176 2973 259 3038 venit,
278 2972 440 3043 adversique
457 2973 582 3041 infigitur
600 2972 697 3025 arbore
715 2971 786 3024 muli.

124 3048 271 3101 Intremuit
288 3049 382 3116 malus,
401 3050 547 3117 timuitque
565 3048 698 3101 exterrita
715 3048 810 3116 pennis
937 3061 973 3100 sou

124 3124 197 3188 Ales,
215 3127 244 3178 et
261 3124 365 3191 ingenti
384 3129 533 3178 sonuerunt
551 3124 640 3176 omnia
657 3124 759 3192 plausu.

125 3197 188 3250 Dnst
206 3215 269 3252 acer
287 3199 447 3254 Mnestheus
465 3201 586 3253 adducto
605 3201 728 3254 constitit
746 3215 818 3266 areu,
