2242 3550
150 153 180 199 18
377 147 405 194 P.
428 146 577 194 VERGILI
595 146 761 195 MARONIS

149 228 243 297 Incipe
263 227 413 280 Maenalios
431 243 545 294 mecum,
564 243 625 280 mea
644 227 720 295 tibia,
738 244 841 282 versus.

149 303 229 358 Nunc
246 307 275 357 et
294 303 351 356 ovis
369 303 443 356 ultro
461 303 548 370 fugiat
566 303 653 371 lupus,
673 320 756 357 aurea
774 304 860 359 diuae

148 379 222 433 Maia
240 380 330 432 ierant
348 396 471 447 quercus,
490 380 610 433 narcisso
629 381 726 434 floreat
744 381 829 451 ainus,

149 455 263 524 Pinguia
281 455 428 509 corticibus
446 456 547 510 sudent
565 457 669 510 electra
686 459 811 525 myricae,

149 534 263 588 Certent
281 537 310 586 et
328 535 417 602 cycnis
435 533 533 599 ululae,
554 535 589 586 sit
608 533 717 601 Tityrus
736 533 870 602 Orpheus,
899 554 904 564 ⁴
978 551 1005 590 se

149 610 275 679 Orpheus
293 610 320 662 in
339 610 420 673 silvis,
439 610 511 662 inter
530 610 672 678 delphinas
693 609 786 676 Arion,

149 688 252 754 (incipe
273 686 424 738 Maenalios
442 702 556 752 mecum,
574 703 635 739 mea
653 685 728 753 tibia,
746 686 849 751 versus)

148 763 246 815 Omnia
263 761 306 814 rel
324 761 446 814 medium
463 761 531 814 fiant
548 779 630 815 mare.
667 762 767 828 Vivite,
787 761 887 815 silvae:

149 838 282 906 Praeceps
301 837 368 890 aerii
387 838 496 906 specula
514 837 549 890 de
567 839 668 890 montis
685 838 713 890 in
731 839 818 891 undas

148 914 281 978 Deferar;
300 918 454 968 extremum
472 913 523 966 hoc
540 931 637 966 munus
655 915 795 968 morientis
812 914 920 970 habeto.
976 930 1003 968 eo

148 989 248 1044 Desine
268 990 425 1055 Maenalios,
444 991 497 1042 iam
516 990 619 1058 desine,
637 991 712 1058 tibia,
731 1007 832 1044 versus.

182 1068 260 1121 Haec
279 1067 402 1130 Damon;
420 1082 475 1134 vos,
493 1084 563 1135 quae
581 1067 755 1136 responderit
774 1066 983 1136 Alphesiboeus,

147 1143 245 1212 Dicite,
265 1143 408 1209 Pierides;
425 1160 478 1196 nou
497 1145 586 1197 omnia
603 1161 746 1212 possumus
765 1160 864 1197 omnes.

180 1221 216 1274 A.
236 1221 309 1274 Effer
327 1237 433 1289 aquam,
452 1224 481 1273 ct
499 1221 573 1272 molli
591 1220 669 1287 cinge
687 1221 753 1272 haec
771 1220 868 1272 altaria
886 1220 963 1288 vitta,

148 1295 343 1364 verbenasque
362 1296 440 1349 adole
459 1296 566 1363 pinguis
586 1301 614 1348 ct
632 1296 751 1349 mascula
770 1299 849 1350 tura:
976 1313 1001 1351 ce

148 1373 275 1440 Coniugis
293 1377 325 1425 ut
343 1373 454 1439 magicis
473 1389 551 1424 sanos
570 1376 695 1424 avertere
715 1372 797 1425 sacris

149 1448 281 1517 Experiar
298 1465 410 1512 sensus;
429 1447 494 1500 nihil
513 1447 556 1500 hic
574 1447 624 1499 nisi
645 1449 764 1502 carmina
783 1449 890 1504 desunt.

148 1524 247 1578 Ducite
259 1524 294 1578 ab
307 1524 375 1577 urbe
389 1523 506 1588 domum,
519 1540 579 1576 mea
591 1524 717 1591 carmina,
731 1525 824 1578 ducite
837 1525 980 1594 Daphnim.

148 1600 274 1654 Carmina
291 1601 334 1653 vel
353 1599 426 1652 caelo
444 1603 559 1666 possunt
578 1599 714 1654 deducere
734 1601 854 1668 Lunam3

149 1677 320 1731 Carminibus
339 1677 416 1730 Circe
435 1676 520 1728 socios
539 1677 656 1729 mutavit
675 1676 764 1743 Ulixi;
975 1694 1000 1734 re

149 1754 276 1821 Frigidus
294 1754 322 1805 in
340 1753 425 1821 pratis
444 1753 578 1805 cantando
598 1754 734 1821 rumpitur
753 1755 855 1821 anguis.

151 1830 247 1883 Ducite
259 1829 293 1882 ab
306 1829 374 1882 urbe
387 1828 504 1894 domum,
516 1845 577 1881 mea
590 1830 716 1896 carmina,
730 1830 822 1882 ducite
835 1830 979 1899 Daphnim.

148 1906 236 1960 'Perna
253 1906 305 1960 tibi
323 1906 389 1958 haec
407 1905 524 1972 primum
544 1905 644 1972 triplici
665 1906 771 1959 diversa
789 1907 879 1960 colore

149 1982 223 2036 Licia
241 1981 386 2048 circumdo,
405 1985 501 2049 terque
519 1981 586 2034 haec
604 1982 701 2034 altaria
718 1982 819 2035 circum

148 2060 272 2127 Effigiem
291 2057 377 2121 duco;
395 2073 507 2110 numero
527 2057 594 2110 deus
612 2059 707 2127 inpare
725 2057 836 2125 gaudet.
975 2074 1000 2114 75

147 2138 258 2208 [Ducite
271 2134 305 2186 ab
317 2133 385 2186 urbe
398 2133 590 2200 domum,'mea
603 2135 729 2201 carmina,
738 2134 830 2189 ducite
842 2134 1001 2206 Daphnim]

148 2215 235 2268 Necte
252 2211 340 2265 tribus
357 2209 435 2262 nodis
454 2214 554 2278 ternos,
574 2211 713 2279 Amarylli,
733 2211 853 2277 colores;

149 2291 243 2356 Necte,
263 2286 401 2354 Amarylli,
419 2286 507 2352 modo,
527 2291 562 2354 et,
583 2287 708 2354 Veneris,
724 2287 776 2356 dio,
790 2289 895 2342 vincula
913 2295 1001 2347 necte.

149 2365 246 2419 Ducite
258 2363 293 2416 ab
305 2361 372 2414 urbe
386 2361 504 2430 domum,
517 2380 578 2416 mea
591 2365 716 2431 carmina,
732 2364 824 2417 ducite
842 2364 988 2433 Daphnim.

150 2442 240 2495 Limus
259 2446 289 2492 ut
307 2439 350 2490 hic
369 2438 489 2491 durescit
509 2443 538 2493 ct
556 2439 624 2493 haec
642 2444 674 2494 ut
693 2457 755 2494 cera
773 2439 898 2508 liquescit
976 2460 1001 2497 so

149 2519 210 2572 Uno
228 2516 378 2584 eodemque
395 2515 459 2582 igni,
479 2517 516 2570 sic
534 2521 629 2569 nostro
649 2517 771 2585 Daphnis
790 2533 887 2570 amore.

149 2595 253 2663 Sparge
268 2591 374 2658 molam,
393 2597 422 2646 et
439 2592 542 2659 fragilis
563 2594 678 2648 incende
696 2592 830 2646 bitumine
848 2593 947 2648 laurus.

151 2670 271 2738 Daphnis
283 2686 327 2722 me
339 2670 425 2724 malus
438 2669 501 2734 urit,
515 2687 565 2737 ego
577 2669 647 2724 hauc
659 2671 687 2724 in
702 2670 847 2739 Daphnide
859 2671 972 2725 laurum.

150 2747 247 2800 Ducite
259 2747 293 2800 ab
307 2747 375 2801 urbe
388 2747 506 2815 domum,
519 2767 580 2802 mea
593 2748 719 2815 carmina,
735 2747 826 2802 dudte
839 2749 983 2816 Daphnim.

153 2822 221 2876 Palis
238 2840 314 2876 amor
332 2823 476 2893 Daphnim,
496 2824 585 2893 qualis
604 2839 665 2876 cum
684 2825 756 2881 fessa
773 2829 913 2880 iuvencum
977 2841 1002 2880 et

152 2899 204 2952 Per
221 2916 332 2954 nemora
349 2904 432 2968 atque
450 2902 519 2954 altos
539 2905 695 2970 quaerendo
715 2905 813 2959 bucula
829 2903 903 2956 lucos

150 2975 267 3043 Propter
284 2992 372 3044 aquae
389 2976 476 3030 rivum
495 2978 577 3030 viridi
596 2979 753 3048 procumbit
771 2981 798 3033 in
816 2979 886 3045 ulva,

150 3050 270 3117 Perdita,
289 3067 338 3103 nee
357 3067 433 3104 serae
451 3053 576 3109 meminit
594 3055 728 3108 decedere
747 3058 829 3124 nocti,

150 3126 221 3179 valis
239 3142 315 3178 amor
333 3131 434 3194 teneat,
452 3146 502 3182 nec
521 3130 557 3183 sit
575 3131 641 3184 mihi
659 3148 724 3185 cura
742 3134 854 3189 mederi.
976 3151 1000 3188 aa

198 3201 249 3254 cito
261 3201 294 3254 ab
307 3202 374 3252 urbe
388 3203 506 3266 domurn.
519 3223 580 3260 mea
592 3211 718 3268 cannino.
731 3211 824 3266 ducite
837 3213 981 3282 Daphnim.
