2274 3554
421 167 605 217 AENEIDOS
621 168 690 217 LIB.
710 168 748 217 11.
975 169 1020 218 109

204 251 323 321 Tempus
341 254 408 317 erat,
427 266 481 318 quo
497 249 587 318 prima
604 250 683 318 quies
700 249 862 306 mortalibus
880 251 970 319 aegris

171 328 271 396 lncipit
289 331 318 381 et
336 326 407 380 dono
426 327 516 379 divom
534 327 691 393 gratissima
708 328 800 394 serpit

174 405 203 456 ln
222 404 331 469 somnis,
350 419 420 468 ecce,
439 405 502 456 anto
520 403 611 456 oculos
629 403 826 458 maestissimus
845 406 952 459 Hector
985 418 1023 460 1110

173 481 253 533 l'isus
271 480 368 533 adesse
385 479 460 546 mihi,
478 479 622 548 largosque
640 479 780 533 effundere
798 481 886 547 fictus,

171 557 307 624 Raptatus
324 555 402 624 bigis,
420 560 452 608 ut
470 556 616 624 quondam,
635 559 750 624 aterque
769 561 882 612 cruento

173 633 295 700 Pulvere,
313 649 418 701 perque
436 632 521 700 pedes
539 634 670 686 traiectus
689 633 747 686 lora
765 635 904 688 tumentis.

172 710 225 763 Hei
243 710 317 775 mihi,
335 709 422 778 qualis
441 711 517 762 erat!
538 713 672 778 qnantum
689 713 812 764 mutatus
831 711 866 763 ab
884 711 931 764 illo

172 787 300 853 Hectore,
319 787 366 855 qui
383 785 457 839 redit
474 787 586 838 exuvias
603 786 716 839 indutus
736 787 843 847 Achilli.
987 801 1023 842 ars

173 863 222 915 l'el
241 861 366 916 Danaum
387 861 518 930 Phrygios
535 862 669 915 iaculatus
686 863 824 931 puppibus
841 864 924 931 ignis!

171 939 347 1006 squalentem
365 937 479 992 barbam
498 941 526 992 et
544 942 684 992 concretos
703 939 834 1006 sanguine
852 940 933 992 crinis

170 1015 344 1084 Volneraque
361 1015 408 1068 illa
424 1031 529 1083 gerens,
549 1032 620 1083 quae
638 1015 738 1068 circum
756 1015 874 1084 plurima
892 1033 983 1070 muros

172 1093 286 1160 Accepit
303 1092 413 1161 patrios.
449 1092 531 1145 Ultro
550 1092 617 1144 llens
635 1091 693 1160 ipse
711 1092 824 1144 videbar

170 1169 340 1237 Compellare
358 1169 448 1222 virum
467 1173 496 1222 et
513 1171 631 1222 maestas
650 1185 811 1236 expromere
828 1186 920 1223 rocos:
985 1185 1023 1224 aso

170 1245 193 1296 Ο
212 1245 259 1298 lux
278 1245 439 1313 Dardaniae,
460 1262 521 1314 spes
540 1261 555 1298 o
573 1245 706 1298 fidissima
725 1245 866 1314 l'eucrum,

170 1321 246 1385 Quae
263 1325 357 1375 tantae
375 1327 488 1376 tenuere
506 1323 618 1376 morael
638 1322 737 1390 quibus
757 1323 862 1375 Hector
880 1321 915 1376 ab
932 1324 987 1378 oris

170 1399 334 1466 Exspectate
353 1399 444 1453 veniel
463 1403 495 1452 ut
513 1403 542 1452 te
560 1403 622 1468 post
640 1399 727 1452 multa
745 1402 853 1452 tuorum

169 1475 284 1539 Funera,
301 1478 364 1544 post
382 1476 470 1528 varios
488 1475 682 1542 hominumque
701 1475 831 1543 urbisque
850 1475 957 1530 labores

169 1551 276 1606 Defessi
294 1552 452 1620 aspicimus!
473 1569 544 1620 quae
562 1569 657 1605 caussa
674 1552 787 1620 indigna
806 1569 915 1606 serenos
985 1567 1022 1606 aas

170 1628 301 1682 Foedavit
320 1628 425 1682 voltus?
444 1632 491 1681 aut
509 1645 558 1681 cur
576 1629 641 1681 haec
660 1629 770 1682 volnera
789 1631 887 1684 cernel

170 1705 221 1758 llle
238 1705 312 1774 nihil,
329 1723 379 1758 nec
396 1722 441 1759 me
460 1709 637 1773 quaerentem
656 1722 725 1758 vana
743 1709 873 1774 moratur,

169 1781 224 1834 Sed
242 1782 362 1849 graviter
380 1782 500 1850 gemitus
518 1781 572 1834 imo
591 1781 626 1834 de
643 1785 756 1850 pectore
774 1782 883 1850 ducena,

170 1857 233 1911 Heu
251 1858 322 1926 fuge,
340 1861 405 1911 nate
425 1857 483 1923 dea,
501 1860 585 1924 teque
603 1857 653 1923 his,
672 1857 717 1923 ait,
736 1859 810 1926 eripe
827 1859 950 1914 flammis,

170 1935 266 1987 Hostis
284 1934 368 1986 habet
386 1949 492 1997 muros3
510 1933 567 1984 ruit
585 1933 641 1985 alto
659 1950 675 1984 a
693 1934 809 1986 culmino
828 1935 914 1990 Troia.
985 1949 1023 1990 100

169 2010 218 2063 Sat
235 2010 340 2077 patriae
361 2009 524 2075 Priamoque
543 2007 652 2061 datum:
672 2009 694 2059 si
714 2008 847 2075 Pergama
865 2011 963 2065 dextra

170 2085 287 2136 Defendi
304 2087 425 2152 possent,
444 2083 527 2135 etiam
545 2082 596 2136 hac
614 2083 727 2136 defensa
744 2085 872 2138 fuissent:

170 2161 252 2213 Sacra
270 2175 387 2228 suosque
405 2158 457 2211 tibi
476 2159 648 2212 commendat
666 2159 745 2212 Troia
764 2161 888 2216 Penatis:

171 2237 230 2289 Hos
248 2252 314 2304 cape
331 2237 449 2288 fatorum
467 2235 588 2302 comites,
607 2235 649 2288 his
666 2237 772 2290 moenia
791 2254 890 2306 quaere

171 2311 278 2380 Magna,
296 2315 438 2382 pererrato
457 2315 562 2365 statues
582 2329 652 2381 quae
671 2313 791 2382 deniqne
808 2321 897 2382 ponto.
986 2335 1022 2375 aas

170 2388 213 2442 Sic
231 2389 277 2456 ait,
297 2392 325 2442 ct
344 2388 467 2442 manibus
486 2388 569 2442 vittas
588 2387 758 2459 Vestamque
776 2394 917 2460 potentem

170 2467 379 2536 Aeternumque
397 2465 486 2534 adytis
505 2465 583 2520 011011
602 2468 789 2536 penetralibus
807 2470 903 2538 ignom.

204 2543 319 2597 Diverso
337 2544 443 2596 interea
461 2543 610 2598 miscentur
628 2546 736 2598 moenia
753 2546 835 2614 luctu,

169 2621 205 2674 111
222 2620 310 2687 magis
327 2624 411 2688 atque
429 2621 521 2688 magis,
541 2637 706 2690 quamquam
725 2627 830 2676 secreta
848 2627 969 2692 parentis

170 2697 304 2752 Anchisae
322 2697 419 2750 domns
437 2696 635 2766 arboribusque
654 2698 763 2753 obtecta
781 2702 899 2766 recessit,
986 2715 1022 2755 000

169 2773 330 2828 Olarescunt
348 2774 460 2840 sonitus,
480 2791 672 2844 annorumque
690 2777 793 2844 ingruit
810 2775 913 2829 horror.

170 2849 300 2903 Excutior
317 2867 415 2914 somno,
435 2853 464 2903 ot
482 2851 580 2903 summi
597 2852 706 2920 fastigia
724 2852 791 2905 tecti

172 2929 293 2980 Ascensu
311 2943 417 2994 supero,
435 2930 519 2993 atque
537 2928 651 2980 arrectis
670 2928 779 2981 auribus
797 2931 890 2983 adsto:

171 3002 201 3054 In
222 3005 344 3069 segetem
363 3002 447 3055 veluti
465 3019 526 3054 cum
544 3003 653 3056 1111111111
670 3004 823 3057 furentibus
841 3006 941 3059 austris

172 3077 280 3143 Incidit,
299 3082 345 3130 aut
364 3077 476 3144 rapidus
493 3082 622 3131 montano
640 3079 751 3132 1101111110
768 3083 875 3136 torrens
983 3095 1020 3137 001

170 3153 273 3206 Sternit
291 3169 378 3220 agros,
398 3153 497 3205 sternit
514 3158 574 3207 sata
591 3154 665 3206 laeta
682 3155 820 3223 boumque
837 3157 951 3228 labores,

171 3229 385 3299 Praecipitisquo
403 3227 490 3282 trahit
507 3229 595 3296 silvas,
614 3231 708 3299 stupet
725 3231 826 3286 inscius
843 3234 899 3290 alto
