2232 3556
125 146 172 191 aaa
209 129 213 135 '
354 141 383 187 P.
412 140 558 188 vnaerm
581 139 749 187 nanetus

127 225 166 276 At
183 238 237 274 non
256 221 414 274 Euandrum
432 222 506 289 potis
523 225 567 274 est
584 222 626 272 ris
643 221 699 273 ulla
715 225 829 280 tenera

125 297 181 352 Sed
198 300 273 350 venit
292 299 319 350 in
338 297 450 351 medios.
486 298 602 350 feretro
621 297 745 350 Pallrmta
762 297 873 364 reposto

125 373 274 428 Procubuit
286 391 376 442 super,
388 384 473 442 atque
485 373 580 426 haeret
593 374 791 441 lacrimansque
799 389 976 442 gemensque,

124 451 162 504 Et
179 451 223 502 rm
240 450 285 502 rix
304 450 416 502 tandem
434 450 494 502 roci
511 450 603 503 laxata
621 450 714 502 dolore
732 454 791 502 est:
943 465 977 502 1⁵1

124 527 186 580 Non
205 527 278 588 haec,
295 543 312 579 o
331 527 416 592 Palla,
434 526 552 578 dederas
570 527 704 594 promissa
721 525 837 594 parenti,

124 603 239 656 Cautius
256 607 287 655 ut
306 619 387 654 saevo
405 602 489 654 velles
506 607 535 654 te
554 602 667 654 eredere
685 599 784 658 hiart'u'

126 679 209 731 Haud
226 679 338 745 ignarus
356 694 439 744 eram,
457 683 590 745 quantum
609 695 678 730 nora
695 677 782 744 gloria
799 677 827 728 in
845 674 930 728 armis

124 756 160 808 Et
177 755 324 824 praedulce
342 754 426 807 decus
444 755 533 822 primo
551 756 700 806 certamine
717 757 818 822 posset.
941 769 978 808 aaa

125 831 266 883 Primitiae
283 830 390 883 iuvenis
407 831 533 896 miserae,
551 829 672 897 bellique
689 828 837 897 propinqui

123 905 199 960 Dura
216 906 385 959 rudimenta!
410 911 440 959 et
456 906 524 958 nulli
543 906 672 958 exaudita
689 905 802 957 deorum

123 982 195 1036 Vota
209 998 358 1050 precesque
376 987 466 1035 meae!
491 987 585 1049 tuque,
604 999 620 1034 o
637 981 807 1034 sanctissima
823 981 947 1048 coniunx,

123 1058 200 1112 Felix
219 1063 308 1112 morte
326 1063 383 1123 tua,
401 1075 490 1126 neque
509 1059 536 1110 in
554 1059 625 1110 hunc
644 1061 752 1110 serrata
769 1057 904 1110 dolorem!

123 1136 226 1188 Contra
244 1152 296 1202 ego
313 1134 430 1187 vivendo
448 1134 500 1187 vici
518 1151 579 1186 mea
596 1134 661 1198 fata,
679 1139 819 1201 superstes
940 1147 978 1186 reo

123 1211 267 1266 Restarem
285 1215 317 1264 ut
334 1211 450 1277 genitor.
488 1211 589 1263 Troum
608 1211 680 1263 socia
697 1227 773 1262 anna
792 1213 917 1262 secutum

122 1286 277 1340 Obruercut
296 1287 392 1339 Rutuli
410 1287 486 1341 telisl
506 1288 624 1339 animam
642 1288 701 1354 ipse
718 1286 863 1352 dedissem,

123 1365 217 1431 Atque
230 1362 297 1416 haee
309 1379 408 1431 pompa
420 1363 532 1416 domurn
545 1380 596 1429 me,
609 1380 663 1415 nou
678 1363 810 1428 Pallanta,
823 1363 956 1416 referret!

121 1439 181 1492 b'ec
198 1455 246 1492 vos
263 1440 408 1506 arguerim,
426 1439 530 1502 Teucri,
547 1456 598 1492 uec
616 1439 734 1497 foedera
751 1456 801 1492 nec
820 1455 888 1507 quas

123 1515 266 1567 iunximus
283 1514 402 1582 hospitio
420 1515 548 1580 dextras;
572 1532 631 1568 sors
648 1516 702 1568 ista
719 1521 845 1569 senectae
940 1531 977 1570 lae

125 1590 224 1644 Debita
242 1595 302 1642 crat
320 1595 437 1643 nostrae.
474 1591 554 1654 Quod
573 1592 595 1643 si
614 1592 751 1644 inmatura
768 1591 896 1646 manebat

122 1667 198 1720 Mors
215 1669 337 1733 gnatum,
356 1667 442 1718 eaesis
463 1667 624 1721 Volscorum
643 1667 753 1720 milibus
771 1671 836 1721 ante

123 1743 276 1796 Ducentem
293 1742 321 1794 in
340 1741 451 1796 Latium
470 1744 588 1797 Teucros
606 1744 737 1798 cecidisse
754 1745 866 1798 iuvaret

123 1819 194 1884 Quin
212 1835 264 1887 ego
282 1835 335 1872 non
354 1819 407 1872 alio
426 1820 524 1889 digner
541 1825 570 1874 te
588 1821 689 1885 funere,
709 1821 792 1888 Palla,

123 1896 209 1960 Quam
220 1897 281 1963 pins
295 1897 411 1964 Aeneas,
423 1901 452 1950 et
461 1914 543 1965 quam
556 1897 647 1965 magni
661 1897 790 1965 Phryges,
803 1903 832 1952 et
844 1914 926 1966 quarn
939 1912 977 1952 rro

122 1972 307 2040 Tyrrhenique
326 1972 417 2038 duces,
437 1973 605 2042 Tyrrhenum
624 1975 761 2027 exercitus
779 1975 873 2027 omnis.

122 2047 224 2116 Magna
241 2053 353 2116 tropaea
370 2049 469 2116 serunt,
488 2067 556 2117 quos
575 2049 624 2102 dat
642 2054 691 2102 tua
709 2049 825 2103 dextera
842 2051 912 2115 leto;

123 2125 163 2178 Tu
182 2141 294 2194 quoque
308 2141 379 2178 nunc
398 2131 485 2178 stares
503 2127 619 2178 inmanis
637 2129 750 2179 truncus
768 2127 796 2178 in
815 2128 905 2192 armis,

125 2203 205 2256 Esset
222 2217 272 2269 par
289 2205 366 2254 aetas
384 2206 412 2254 et
430 2201 503 2254 idem
523 2203 544 2254 si
564 2201 647 2255 robur
664 2203 700 2255 ab
717 2204 801 2267 annis,

122 2277 219 2331 Turne.
256 2278 310 2330 Sed
328 2277 421 2330 infelix
440 2278 557 2330 Teucros
575 2279 642 2347 quid
660 2278 787 2332 demoror
803 2281 903 2335 armisl
939 2296 972 2342 171

123 2353 226 2407 Vadite
244 2357 273 2405 et
291 2352 357 2404 haec
376 2369 509 2406 memores
527 2355 584 2421 regi
603 2355 732 2409 mandata
749 2355 865 2409 referte:

124 2429 202 2494 Quod
221 2429 305 2482 vitam
323 2445 414 2480 moror
432 2429 554 2496 inrisam,
575 2431 698 2484 Pallante
716 2437 865 2502 perempto,

124 2505 245 2558 Dextera
262 2519 357 2556 caussa
375 2508 422 2557 tun
441 2509 492 2570 est,
510 2506 630 2559 Turnum
648 2513 786 2576 gnatoque
803 2511 929 2578 patriqm

123 2583 209 2645 (luam
228 2580 330 2634 debere
348 2579 431 2634 vides.
468 2581 577 2636 Meritis
594 2589 672 2638 vacat
690 2584 733 2638 hie
750 2585 802 2638 tibi
820 2587 892 2638 eolus

125 2659 315 2726 Fortunaeque
333 2656 414 2710 locus.
451 2658 475 2710 N
479 2675 512 2710 on
531 2660 605 2712 vitae
621 2661 721 2727 gaudia
739 2679 856 2730 quaero,

123 2734 147 2787 N
151 2749 181 2787 ec
199 2733 254 2798 las;
273 2733 321 2786 sed
340 2738 423 2802 gnato
442 2733 531 2787 Manis
548 2735 671 2803 perferre
689 2737 832 2792 subimus.

158 2811 267 2862 Aurora
284 2809 389 2863 interea
407 2809 513 2862 miseris
531 2811 694 2865 mortalibus
712 2814 808 2868 almam

124 2883 268 2938 Extulerat
285 2885 380 2950 lucem,
399 2885 520 2938 reserens
537 2902 620 2953 opera
637 2891 721 2956 atquo
739 2889 859 2944 labores:

125 2957 182 3010 lam
202 2965 281 3027 pater
302 2961 416 3026 horrens,
434 2959 486 3012 iam
506 2977 588 3014 curvo
606 2963 634 3014 in
652 2963 733 3018 litore
752 2965 873 3018 Tarchon

124 3035 298 3088 Constituere
316 3051 405 3103 pyras.
443 3037 505 3088 Huc
523 3052 638 3103 corpora
656 3039 773 3107 quisque
791 3057 902 3095 suorum
939 3058 979 3098 iss

124 3107 201 3161 More
219 3109 307 3162 tulere
325 3115 450 3176 patrum;
472 3111 657 3180 subiectisque
675 3114 784 3181 ignibus
802 3117 870 3172 atris

124 3182 258 3236 Donditur
276 3184 303 3236 in
322 3185 450 3238 tenebras
468 3185 553 3239 altum
572 3186 687 3256 caligine
704 3191 815 3245 eaelum
