2242 3550
412 137 618 185 GEORGICON
639 137 706 184 LIB.
726 135 764 184 11.
986 139 1016 184 lb

158 215 390 285 llespicere;l1uc
409 217 522 270 summis
539 217 681 285 liquuntur
699 215 812 286 rupibus
830 231 930 285 amnes,

157 294 328 362 Felicemque
347 293 460 346 trabunt
479 293 707 362 lirnium—quique
725 296 816 348 editus
833 299 934 358 austro,

156 372 192 425 nt
210 371 307 428 filicem
325 371 415 423 curvis
434 371 547 424 invisam
568 371 655 440 pascit
673 374 785 426 aratris:

156 447 209 502 Hic
227 448 276 501 bibi
294 447 465 518 praevalidas
485 447 548 501 olim
567 449 711 517 multoque
729 449 838 502 fluentis
980 461 1016 500 reu

155 525 278 580 Sufficiet
296 524 403 578 Bacche
422 525 492 591 ritis,
512 524 556 577 bic
574 524 672 578 fertilis
689 541 766 594 urae,

156 604 210 658 Hic
226 603 322 666 laticis,
341 603 449 672 qualem
468 603 571 671 pateris
590 601 705 655 libamus
723 606 752 656 et
770 619 843 672 auro,

156 679 265 735 lnflarit
283 697 344 734 cum
362 680 469 747 pingius
489 679 557 734 ebur
576 679 731 747 Tyrrhenus
749 679 785 732 ad
803 695 865 733 ares

155 757 290 810 Lancibus
308 763 338 810 et
355 755 453 825 pandis
471 755 604 809 fumantia
622 755 762 808 reddimus
781 761 851 809 exta

154 833 201 886 Sin
219 838 344 887 arinenta
360 833 446 901 magis
465 833 586 886 studium
604 833 757 902 vitulosque
776 833 853 901 tucri,
981 846 1013 888 ns

155 912 213 964 Aut
231 910 304 963 fetus
324 910 421 978 orimn,
440 913 487 964 aut
505 910 610 963 urentis
629 910 702 964 culta
720 911 844 980 capellas,

153 985 246 1040 Saltus
264 990 293 1040 et
312 986 398 1040 saturi
415 987 504 1055 petite
522 986 669 1056 longinqua
688 987 805 1052 Tarenti,

154 1063 191 1117 ut
209 1063 317 1131 qualern
335 1063 429 1116 infelix
448 1063 538 1116 amisit
557 1062 672 1116 Mantua
690 1079 823 1130 campum,

153 1137 314 1194 Pascentem
333 1140 426 1193 niveos
444 1139 560 1192 herboso
580 1138 691 1193 flumine
710 1156 822 1206 cycnos:

151 1215 215 1269 Non
232 1214 328 1282 liquidi
345 1214 474 1284 gregibus
493 1215 590 1282 fontes,
608 1231 661 1268 non
679 1217 803 1282 gramina
820 1215 944 1284 deenmt,
975 1231 1012 1272 nne

151 1293 196 1359 Et,
215 1296 348 1361 quantum
367 1292 453 1360 leugis
472 1297 586 1360 carpent
605 1295 729 1345 armenta
748 1291 852 1357 diebus,

151 1368 257 1437 Exigua
274 1372 382 1422 tantum
400 1369 507 1436 gelidus
525 1386 570 1421 res
588 1371 668 1422 nocte
687 1373 812 1438 reponet!

150 1445 238 1514 Nigra
256 1447 314 1499 fere
333 1449 362 1499 et
380 1461 474 1514 pressu
493 1445 598 1513 pinguis
617 1444 667 1497 sub
686 1461 796 1498 vomere
814 1448 896 1511 terra,

150 1522 188 1576 Et
206 1523 249 1576 cui
267 1525 350 1591 putre
367 1521 616 1590 solum—namque
633 1521 685 1575 hec
703 1522 842 1574 imitamur
860 1519 994 1572 arando-

150 1598 271 1667 Optuma
290 1598 451 1662 frumentis;
469 1613 523 1650 nen
542 1597 597 1650 ullo
616 1614 650 1650 ex
668 1614 787 1665 aequore
804 1613 900 1649 cernes
975 1610 1013 1650 auu

151 1675 234 1728 Plura
252 1674 362 1728 demum
381 1673 468 1727 tardis
487 1673 621 1729 decedere
638 1675 760 1743 plaustra
778 1672 914 1736 iuvencis;

150 1754 210 1805 Aut
227 1750 301 1804 unde
319 1751 405 1803 iratus
425 1749 519 1803 silvam
539 1750 649 1804 devexit
669 1755 763 1804 arator

150 1829 187 1882 Et
204 1843 316 1881 nemora
335 1827 436 1880 evertit
454 1827 555 1880 multos
574 1829 671 1896 ignava
689 1846 740 1898 per
758 1845 849 1890 annos,

149 1905 341 1972 Antiquusque
360 1903 456 1956 dornus
475 1904 564 1957 avium
583 1921 645 1958 cum
665 1904 795 1973 stirpibus
812 1903 874 1956 imis

151 1981 246 2046 llruit5
263 1980 326 2033 illae
345 1980 430 2033 altum
450 1980 520 2034 nidis
538 1981 644 2050 petiere
663 1981 782 2044 relictis;
975 1991 1012 2030 21⁰

149 2059 191 2111 At
208 2056 284 2110 rudis
304 2057 402 2109 enituit
420 2057 526 2125 inpulso
545 2073 654 2109 vomere
673 2073 790 2125 campus.

150 2133 221 2186 Nam
239 2133 329 2188 ieiuna
348 2135 459 2204 quidem
477 2133 569 2186 clivosi
587 2133 680 2200 glarea
698 2134 768 2186 ruris

151 2210 205 2263 Vix
223 2209 330 2264 humilis
349 2211 446 2279 apibus
466 2212 551 2265 casias
570 2225 715 2277 roremque
732 2211 886 2268 ministret;

152 2286 187 2340 lit
205 2286 277 2340 tofus
295 2288 395 2353 scaber,
416 2291 444 2343 et
463 2287 547 2354 nigris
566 2302 648 2339 exesa
665 2286 799 2355 chelydris

149 2364 234 2418 Orata
251 2369 353 2433 negant
372 2365 438 2418 alios
459 2380 547 2432 aeque
567 2363 739 2431 serpentibus
758 2379 837 2431 egres
975 2377 1010 2420 su

153 2440 263 2494 Dulcem
280 2442 353 2496 ferre
374 2442 464 2495 cibum
483 2445 513 2493 et
530 2457 625 2494 curvas
646 2440 778 2509 praebere
790 2438 922 2491 latebras.

150 2519 226 2583 Quae
243 2521 354 2572 tenuem
375 2518 486 2572 exhalat
504 2517 631 2571 nebulam
651 2518 794 2586 fumesque
812 2515 934 2582 volucris,

152 2595 187 2648 lit
205 2593 273 2648 bibit
291 2595 440 2660 humorem,
460 2600 495 2661 et,
515 2612 575 2648 cum
595 2594 659 2662 velt,
682 2613 716 2648 ex
734 2612 764 2648 se
780 2595 840 2664 ipsa
857 2591 983 2656 remittit,

150 2671 286 2742 Quaeque
300 2691 348 2728 sue
367 2689 475 2742 semper
494 2672 589 2726 uiridis
611 2690 640 2726 se
658 2673 780 2741 gramine
798 2670 889 2734 restit,

150 2750 209 2802 Nec
227 2750 317 2804 scabie
336 2755 365 2805 et
384 2749 455 2802 salsa
474 2749 561 2802 laedit
580 2748 703 2817 robigine
721 2749 831 2815 ferrum,
974 2757 1011 2794 m

152 2825 204 2879 llla
222 2826 272 2880 tibi
290 2827 370 2881 laetis
388 2827 494 2880 intexet
514 2826 613 2879 vitibus
632 2826 728 2893 ulmos,

151 2902 204 2955 llla
221 2905 298 2958 ferax
316 2905 392 2959 eleae
411 2908 461 2968 est,
480 2904 554 2957 illam
575 2903 717 2969 experiere
735 2899 849 2954 colende

150 2981 188 3034 ut
206 2982 311 3035 facilem
330 2981 421 3049 pecori
440 2985 469 3034 et
486 2981 638 3049 patientem
657 2977 773 3030 vomeris
791 2973 853 3028 und

150 3057 244 3112 Talem
264 3057 340 3112 dives
358 3061 418 3110 arat
438 3057 529 3124 Capua
548 3060 577 3109 et
595 3055 683 3107 vicina
704 3053 808 3105 Vesevo

151 3132 208 3187 Ora
225 3134 289 3201 iuge
307 3137 336 3186 et
354 3133 444 3184 vacuis
463 3131 571 3184 Olenius
589 3147 643 3183 nen
661 3145 763 3197 aequus
784 3127 900 3180 Acerris.
970 3134 1004 3172 τῦ

187 3210 274 3277 Nune,
287 3225 342 3278 quo
354 3223 491 3277 quamque
502 3207 584 3260 modo
596 3207 681 3276 [iussis
694 3219 864 3271 cognoscere,
878 3203 973 3256 diesne
