2232 3556
391 145 574 194 AENEIDOS
590 147 661 195 LIB.
680 145 731 195 ix.
943 151 989 198 259

141 230 298 301 Increpuit;
323 233 448 300 sequitur
466 233 575 302 clamor,
593 235 753 304 caelumque
770 237 897 306 remugit.

139 308 307 362 Adcelerant
324 313 386 362 aeta
402 311 508 378 pariter
525 311 666 364 testudine
684 312 792 379 Volsci;
954 330 990 369 sos

138 384 175 438 Et
193 386 279 438 fossas
297 385 401 453 inplere
420 389 517 453 parant
536 403 567 439 ao
585 387 687 440 vellere
705 388 815 444 vallum.

138 460 279 524 Quaerunt
297 477 360 529 pars
378 461 492 526 aditum,
512 467 540 516 et
558 463 637 517 scalis
655 463 803 518 ascendere
821 481 916 524 muros

138 537 198 600 Qua
215 554 277 590 rara
295 541 338 591 ast
355 538 426 591 acies
443 539 645 608 interlucetque
663 545 762 594 corona

138 613 200 666 Non
218 617 276 667 tam
295 614 382 680 spissa
399 615 472 668 viris.
508 615 635 670 Telorum
653 617 794 671 effundere
812 621 907 672 contra

137 689 225 744 Omne
242 707 329 757 genus
348 691 444 745 Teucri
462 709 493 746 ac
512 693 588 746 duris
606 693 757 747 detrudere
774 693 869 758 contis,
951 711 987 750 aro
1073 691 1075 695 ’

138 767 257 822 Adsueti
275 768 356 836 longo
373 785 467 822 muros
484 769 633 823 defendere
652 769 732 823 bello.

136 841 208 896 Saxa
225 859 334 912 quoque
352 843 454 897 infesto
471 845 617 900 volvebant
634 845 763 914 pondere,
782 846 804 899 si
823 863 878 915 qua

137 918 252 972 Possent
269 922 372 973 tectam
389 921 475 973 aciem
493 937 679 989 perrumpere,
697 938 759 974 eum
776 925 870 976 tamen
888 926 976 977 onmis

136 994 220 1048 Ferre
238 995 314 1048 iuvat
332 995 428 1050 subter
446 995 532 1050 densa
548 998 689 1051 testudine
706 1014 791 1051 casus.

135 1070 193 1124 Nec
211 1072 265 1125 iam
283 1071 429 1126 sufficiunt.
463 1073 534 1126 Nam
552 1089 607 1142 qua
624 1073 721 1141 globus
738 1073 863 1128 imminet
880 1075 983 1142 ingens,

137 1146 276 1201 inmanem
294 1147 391 1202 Teucri
409 1148 509 1202 molem
526 1149 693 1217 volvuntque
710 1153 857 1218 ruuntque,

134 1223 210 1287 Quae
228 1223 326 1277 stravit
345 1224 463 1278 ltutulos
481 1225 544 1291 late,
562 1241 756 1293 armorumque
773 1225 886 1279 resolvit

134 1299 271 1367 Tegmina.
306 1300 365 1355 Nec
382 1305 480 1354 aurant
497 1317 578 1354 caeco
596 1301 763 1354 contendere
781 1301 872 1355 Marte

135 1374 261 1444 Amplius
279 1376 397 1430 audaces
416 1377 521 1445 Rutuli,
540 1377 589 1430 sed
607 1377 710 1445 pellere
727 1376 797 1430 vallo

134 1450 285 1505 Missilibus
303 1457 417 1506 certant.
648 1511 650 1514 ,
946 1470 982 1509 sao

134 1527 216 1582 Parte
234 1527 288 1581 alia
305 1529 458 1582 horrendus
476 1531 537 1584 visu
555 1529 704 1597 quassabat
723 1529 866 1584 Etruscam

133 1603 231 1658 Pinum
250 1607 279 1658 et
296 1605 439 1660 fumiferos
457 1607 541 1660 infert
560 1607 714 1660 Mezentius
731 1606 818 1674 ignis;

133 1681 173 1733 At
192 1680 334 1749 Messapus
353 1698 454 1749 equum
473 1683 600 1750 domitor,
620 1683 761 1751 Neptunia
778 1682 876 1752 proles,

132 1755 274 1810 Rescindit
292 1757 393 1810 vallum
412 1761 441 1811 ct
459 1759 544 1812 scalas
562 1759 590 1811 in
608 1760 716 1812 moenia
732 1760 827 1826 poscit.

166 1832 231 1898 Vos,
249 1849 265 1885 o
286 1833 415 1901 Calliope,
434 1851 540 1901 precor,
559 1835 699 1902 adspirate
717 1835 832 1900 canenti,
943 1852 979 1891 trs

133 1908 205 1971 Quas
223 1907 262 1961 ibi
280 1912 340 1961 turn
358 1908 433 1961 ferro
452 1913 566 1976 strages,
585 1927 656 1976 quae
673 1909 769 1962 funera
787 1911 893 1965 Turnus

131 1982 267 2048 Ediderit
287 2000 369 2050 quem
388 1983 503 2051 quisque
522 1983 610 2036 virum
629 1983 772 2038 demiserit
790 1986 876 2051 Orco;

132 2057 168 2111 lit
185 2074 292 2110 mecum
311 2058 429 2125 ingentis
446 2075 508 2112 oras
527 2059 644 2112 evolvite
661 2059 734 2112 belli.

130 2133 179 2203 [lit
197 2133 358 2187 meministis
377 2135 457 2202 eninr,
476 2135 563 2200 divae,
581 2138 611 2188 et
628 2151 780 2188 memorare
797 2137 933 2206 potestis]

165 2210 259 2264 Turris
278 2213 338 2263 erat
349 2214 428 2264 vasto
446 2215 575 2279 suspectu
592 2210 768 2280 etpontibus
785 2212 855 2278 altis,
944 2230 978 2269 sao

130 2287 293 2356 Opportuna
310 2287 383 2351 loco;
408 2288 522 2340 summis
540 2303 623 2356 quam
641 2286 745 2340 viribus
763 2305 854 2343 omnes

131 2363 295 2432 Expugnare
315 2363 379 2417 Itali
398 2380 559 2432 summaque
577 2367 703 2418 evertere
720 2380 802 2433 opum
820 2365 846 2418 vi

130 2440 287 2506 Certabant,
305 2439 388 2494 Troes
405 2444 501 2494 contra
519 2439 668 2494 defendere
686 2440 759 2494 saxis

130 2517 237 2584 Perque
255 2533 334 2570 cavas
352 2517 430 2570 densi
448 2517 504 2571 tela
521 2516 679 2585 intorquere
696 2516 838 2572 fenestras.

130 2591 260 2660 Princeps
278 2593 421 2646 ardentem
439 2593 555 2646 coniecit
571 2592 699 2660 lampada
717 2592 830 2662 Turnus,
942 2610 978 2649 sss

129 2668 165 2720 llt
182 2667 317 2721 flammam
336 2667 433 2722 adfixit
450 2668 546 2732 lateri;
568 2685 639 2736 quae
657 2668 775 2736 plurima
792 2674 872 2724 vento

128 2743 268 2813 Corripuit
286 2744 395 2797 tabulas
414 2747 443 2798 et
461 2744 585 2813 postibus
603 2743 693 2797 haesit
710 2744 808 2798 adesis.

127 2819 241 2873 Turbati
259 2820 400 2888 trepidare
416 2820 498 2887 intus,
516 2822 673 2888 frustraque
691 2820 823 2874 malorum

128 2894 208 2949 Velle
226 2895 327 2964 fugam.
364 2896 437 2949 Dum
456 2914 485 2950 se
503 2898 665 2965 glomerant,
684 2899 813 2964 retroque
832 2899 959 2954 residunt

127 2971 161 3025 In
179 2975 294 3041 partem,
313 2987 383 3040 qnae
402 2976 480 3040 peste
497 2977 579 3038 caret,
599 2976 658 3025 tum
676 2971 799 3039 pondere
817 2974 904 3028 turris
940 2993 977 3031 aar

125 3047 277 3102 Procubuit
295 3047 393 3114 subito,
412 3052 441 3102 et
458 3049 563 3103 eaelum
581 3052 659 3102 tonat
677 3063 756 3100 omne
774 3049 889 3118 fragore.

125 3124 281 3180 Semineces
299 3123 335 3178 ad
353 3127 464 3192 terram,
481 3125 582 3178 inmani
600 3125 671 3178 mole
689 3129 790 3190 secuta,

125 3201 287 3320 ⁰⁰¹¹fi2¹jiq¹¹⁶
306 3202 362 3256 suis
379 3201 442 3256 telis
461 3206 489 3256 et
507 3206 620 3270 pectora
639 3201 707 3254 duro
