2242 3550
116 107 147 152 se
345 99 375 148 Ρ.
394 99 547 147 vnaorur
562 81 732 150 'mancius

118 181 252 235 Pontibus
269 183 301 233 ut
319 177 421 232 crebris
440 177 544 246 possint
563 179 711 234 consistere
730 183 760 234 et
777 181 834 234 alas

117 257 242 311 Pandere
261 256 297 310 ad
315 256 448 308 aestivum
467 255 558 321 solem,
579 255 601 308 si
619 255 691 309 forte
709 259 840 312 morantis

116 335 252 403 Spurscrit
271 339 318 384 aut
336 348 467 400 praeceps
487 331 615 398 Neptuno
633 333 787 386 inmerserit
806 334 901 390 Eurus.

116 412 193 465 Haeo
211 411 310 463 circum
329 409 416 462 casino
436 408 536 460 virides
555 413 583 460 et
603 409 703 462 olentia
720 410 776 464 late
947 412 972 470 sb

116 488 238 556 Serpylla
256 491 285 540 ct
303 487 423 554 graviter
442 485 569 553 spirantis
587 487 664 554 copia
681 486 824 554 thymbrae

116 564 232 631 Floreat,
251 565 444 631 inriguumque
463 561 561 614 bibant
579 562 690 615 violaria
708 563 820 618 fontem.

115 644 181 713 Ipsa
199 649 298 708 autem,
317 658 364 695 seu
384 638 528 692 corticibus
548 639 599 692 tibi
617 645 679 692 suta
696 641 805 707 cavatis,

115 722 168 774 Seu
185 721 260 774 lento
278 719 378 772 fuerint
398 716 514 769 alvearia
533 717 631 770 vimine
649 721 734 783 texta,

117 801 255 865 Angustos
273 796 391 849 habeant
411 793 514 846 aditus:
533 811 595 846 nam
613 795 713 862 frigore
731 794 813 846 mella
944 811 970 850 ³5

115 875 194 942 Cogit
211 874 324 941 hiemps,
344 871 495 940 eademque
513 871 586 924 calor
604 871 749 939 liquefacta
767 871 889 926 remittit.

114 951 240 1018 Utraque
259 951 299 1002 vis
319 949 414 1018 apibus
432 949 535 1017 pariter
554 947 717 1011 ruetucndu;
736 964 824 1014 noque
841 948 904 1002 illac

115 1027 286 1096 Nequiquam
304 1027 332 1079 in
351 1026 430 1078 tectis
449 1025 574 1078 certatim
592 1025 685 1077 tenuia
702 1041 765 1076 cera

113 1104 285 1172 Spirnmenta
304 1104 399 1166 linunt,
418 1104 534 1170 fucoque
553 1105 581 1154 et
600 1101 710 1153 floribus
729 1118 790 1154 oras

113 1181 239 1249 Explent,
259 1181 457 1248 collectumque
476 1179 542 1232 haec
560 1179 619 1248 ipsa
637 1178 672 1230 ad
691 1195 804 1230 munera
821 1179 915 1245 gluten
943 1195 968 1235 so

113 1258 149 1310 Et
167 1259 238 1311 visco
257 1262 285 1311 11
306 1257 439 1324 Phrygiae
460 1260 569 1308 servant
587 1256 646 1324 pice
665 1255 765 1308 lentius
785 1255 860 1309 ldae.

113 1334 199 1402 Saepe
218 1335 301 1387 etiam
321 1333 431 1399 effossis,
451 1333 473 1384 si
491 1349 556 1385 vera
575 1336 618 1385 est
635 1332 714 1398 fama,
733 1332 845 1386 latebris
950 1355 953 1360 ·

113 1410 168 1464 Sub
186 1415 262 1464 terra
279 1411 371 1463 fovcro
390 1409 483 1472 larem,
501 1409 664 1478 penitusque
683 1414 809 1476 repertae

114 1486 324 1554 Pumicibusque
342 1486 415 1538 cavis
433 1502 585 1553 exesaeque
605 1485 710 1538 arboris
728 1491 815 1540 antro.

112 1564 152 1618 'lu
170 1569 261 1618 tamen
280 1567 309 1617 et
327 1563 379 1616 levi
397 1563 496 1615 rimosa
514 1561 611 1614 cubilia
629 1563 692 1614 limo
941 1579 966 1618 45

112 1640 209 1708 Ungue
227 1641 321 1694 fovens
339 1640 447 1706 circum,
466 1643 494 1693 et
512 1655 588 1692 raras
607 1640 766 1708 superiniioe
783 1640 901 1695 frondes.

111 1717 173 1770 Neu
191 1719 301 1786 propius
320 1717 401 1770 tectis
419 1720 514 1770 taxum
534 1716 598 1783 sine,
617 1733 685 1768 nove
703 1716 827 1770 rubentis

111 1793 168 1847 Ure
187 1795 246 1846 foco
265 1810 382 1859 oancros,
402 1794 474 1846 altae
491 1811 545 1846 neu
564 1792 645 1846 crede
663 1793 762 1862 paludi,

112 1873 170 1924 Aut
188 1871 234 1922 ubi
253 1870 321 1922 odor
340 1871 415 1922 caeni
433 1871 531 1938 gravis,
550 1873 598 1922 aut
616 1869 663 1922 ubi
682 1887 798 1924 concava
815 1871 895 1938 pulsu

112 1946 182 2000 Saxa
201 1950 298 1999 sonant
316 1948 444 2016 vocisque
463 1948 565 2000 offensa
585 1947 699 2000 resultat
716 1947 812 2015 imago.
940 1963 965 2002 so

147 2023 224 2087 Quod
238 2028 369 2092 superest,
382 2024 428 2076 ubi
441 2024 676 2092 pulsamlriemem
690 2023 734 2076 Sol
748 2040 846 2076 aureus
857 2025 913 2092 egit

112 2099 168 2152 Sub
186 2105 274 2153 terras
293 2100 452 2169 caelumque
471 2101 575 2153 aestiva
593 2100 652 2152 luce
670 2100 787 2166 reclusit,

113 2175 180 2229 Illae
198 2178 323 2230 continuo
342 2177 427 2230 saltus
446 2177 579 2245 silvasque
598 2181 744 2244 peragrant

113 2253 320 2323 Purpureusque
339 2259 447 2308 metunt
465 2253 545 2307 flores
564 2258 592 2307 ot
611 2253 720 2306 flumina
739 2254 826 2308 libant

112 2330 222 2383 Summa
239 2331 319 2386 leves.
360 2331 432 2383 Hinc
450 2331 540 2383 nescio
560 2348 613 2398 qua
632 2329 776 2384 dulcedine
793 2330 882 2385 laetae
940 2346 965 2384 so

112 2406 271 2474 Progeniem
290 2409 423 2474 nidosque
441 2407 541 2473 fovent,
560 2406 622 2459 hinc
640 2410 699 2459 arte
717 2408 835 2460 recentis

112 2483 257 2537 Excudunt
276 2501 351 2537 ceras
371 2487 399 2536 11
418 2483 499 2537 mella
517 2484 623 2536 tenacia
642 2484 754 2550 fingunt.

113 2559 183 2614 llinc
201 2560 248 2613 ubi
265 2562 318 2614 iam
338 2563 466 2614 emissum
485 2561 573 2613 caveis
592 2560 627 2612 ad
646 2560 736 2612 sidera
753 2560 820 2613 caeli

111 2636 185 2690 Nare
203 2655 252 2706 per
271 2643 404 2692 aestatem
424 2638 555 2707 liquidam
575 2638 728 2707 suspexeris
746 2653 842 2704 agmen

112 2712 316 2784 Obscuramque
334 2715 406 2768 trahi
425 2721 506 2769 vento
525 2715 660 2768 mirabere
677 2714 784 2781 nubem,
940 2730 965 2768 oo
1112 2733 1113 2772 l

112 2789 329 2861 Contemplator:
351 2812 435 2862 aquas
454 2793 540 2847 dulcis
559 2797 588 2846 et
606 2792 720 2844 frondea
738 2809 846 2860 semper
1112 2831 1113 2860 ,

111 2865 193 2921 'lecta
210 2875 317 2938 petunt.
354 2871 416 2924 Huc
434 2875 466 2924 tu
483 2872 570 2924 iussos
589 2869 723 2938 adsperge
742 2885 859 2937 sapores,
1112 2871 1113 2900 l

111 2942 186 2998 Trita
203 2948 373 3018 melisphylla
391 2951 419 3001 et
438 2947 577 3000 cerinthae
595 2945 712 3013 ignobile
731 2963 852 3013 gramen,

111 3020 287 3094 Tinnitusque
306 3026 346 3079 cie
364 3029 393 3078 et
412 3025 510 3078 Matris
529 3028 612 3092 quate
630 3023 751 3091 cymbala
768 3023 881 3076 circum:

111 3097 125 3112 '
139 3115 191 3154 'ne
208 3102 349 3156 consident
367 3102 509 3155 medicatis
528 3099 644 3166 sedibus,
663 3099 737 3168 ipsae

198 3195 303 3233 rmore
322 3195 370 3232 suo
390 3194 449 3232 seso
466 3179 494 3232 in
513 3177 646 3231 cunabula
664 3177 788 3232 condent.
1112 3201 1113 3248 p
