2232 3556
404 159 586 207 AENEIDOS
603 160 672 207 ΜΒ.
692 161 742 209 ΧΙ.
964 163 1010 212 291

195 241 239 296 Sic
257 241 297 294 ait
315 239 488 292 inlacrimans
507 240 658 306 recipitque
677 240 713 293 ad
731 242 824 306 limina
841 259 973 313 gressum,

157 318 262 385 Corpus
280 316 328 368 ubi
348 317 465 369 exanimi
484 316 603 384 positum
624 317 754 371 Pallantis
773 321 893 373 Acoetes
987 332 1011 371 ao

157 393 292 447 Servabat
311 393 407 459 senior,
427 392 473 460 qni
494 393 638 444 Parrhasio
659 393 786 447 Euandro

158 469 288 536 Armiger
307 473 371 522 ante
389 469 449 535 fuit,
470 469 588 520 sednon
609 469 733 522 felicibus
752 489 838 539 aeque

157 547 225 599 Tum
244 563 334 598 eomes
353 546 479 614 auspiciis
497 562 560 598 curo
579 545 659 598 datus
678 547 736 600 ibat
757 548 871 600 alumno.

158 623 266 676 Circum
285 623 372 675 omnis
390 623 576 690 famulumque
595 639 690 675 manus
709 624 878 692 Troianaque
896 623 978 676 turbu

158 698 193 753 Et
211 704 345 752 maestum
365 699 467 752 Iliades
485 699 587 752 crinem
606 699 734 752 demere
753 701 864 753 solutae.
986 715 1010 752 35

158 776 196 830 Ut
214 793 278 830 vero
298 779 407 830 Aeneas
425 775 528 828 foribus
547 793 607 828 sese
626 776 720 829 intulit
738 777 808 842 altis,

159 853 301 920 Ingentem
320 853 454 920 gemitum
473 852 560 905 tunsis
579 853 614 905 ad
633 853 724 906 sidera
742 853 842 906 tollunt

159 929 324 993 Pectoribus,
343 933 502 997 maestoque
520 929 640 996 inmugit
659 929 735 997 regia
753 929 810 982 luct
830 970 835 982 .

159 1006 228 1073 lpse,
246 1010 329 1074 eaput
347 1006 419 1058 nivei
437 1005 535 1058 fultum
557 1005 688 1058 Pallantis
707 1009 736 1058 et
754 1022 802 1058 ora

159 1081 196 1134 Ut
214 1082 284 1134 vidit
301 1081 409 1150 levique
428 1085 525 1148 patens
544 1081 571 1132 in
590 1085 701 1148 pectore
720 1082 815 1134 volnus
986 1095 1010 1132 so

159 1157 283 1226 Cuspidis
303 1159 447 1225 Ausoniae,
465 1157 589 1210 lacrimis
602 1159 641 1210 ita
658 1158 733 1210 fatur
750 1156 868 1210 obortis:

159 1233 237 1299 Tene,
255 1235 352 1302 inquit,
371 1234 525 1286 miserande
543 1251 619 1301 puer,
637 1250 698 1286 oum
717 1234 790 1286 laeta
808 1231 922 1298 veniret,

161 1310 262 1363 lnvidit
282 1311 403 1363 Fortuna
421 1309 495 1374 mihi,
512 1327 547 1362 ne
565 1327 650 1377 regna
669 1311 776 1363 videres

160 1385 266 1452 Nostra,
285 1403 373 1454 neque
392 1387 427 1439 ad
446 1387 527 1439 sedes
546 1387 633 1438 victor
652 1387 782 1440 veherere
800 1387 946 1454 paternas?

158 1463 219 1515 Non
238 1462 305 1516 haec
324 1463 452 1516 Euandro
471 1462 506 1514 de
525 1463 705 1532 te‘promissa
723 1461 832 1531 parenti
989 1478 1013 1516 as

158 1539 308 1592 Discedens
327 1538 465 1607 dederam,
484 1555 546 1591 cum
564 1555 608 1592 me
627 1539 774 1607 conplexus
793 1540 903 1590 euntem

157 1613 284 1668 Mitteret
302 1615 329 1667 in
347 1632 476 1682 magnum
494 1615 638 1682 inperium,
658 1621 838 1682 metuensque
856 1616 981 1666 moneret

159 1690 237 1744 Aeris
256 1707 315 1744 esse
333 1691 411 1755 viros
431 1707 492 1743 cunr
512 1691 581 1744 dura
598 1692 702 1760 proelia
719 1695 810 1758 geute.

157 1767 194 1820 Et
211 1783 282 1819 nunc
299 1767 345 1819 ille
363 1767 474 1834 quidem
494 1784 541 1834 spe
560 1767 676 1819 multum
695 1771 791 1834 captus
809 1766 881 1818 inani

158 1843 226 1895 Fors
244 1847 273 1896 et
291 1847 354 1895 vota
372 1843 445 1907 facit,
464 1843 638 1908 cumulatque
657 1843 754 1894 altaria
773 1842 866 1905 donis;
987 1857 1011 1894 aa

158 1919 182 1970 N
185 1934 215 1970 os
233 1919 358 1970 iuvenem
377 1917 531 1968 exanimum
550 1921 578 1968 et
596 1917 633 1968 nil
651 1918 705 1968 iam
724 1917 887 1968 caelestibus
904 1917 968 1968 ullis

159 1993 314 2045 Debentem
333 2009 402 2042 vano
421 1991 517 2042 maesti
537 1993 698 2044 comitamur
716 1991 825 2044 honore.

162 2067 266 2132 Infelix,
285 2067 343 2119 nati
361 2067 442 2118 fuuus
460 2066 571 2118 crudele
590 2067 709 2120 videbis!

162 2145 198 2198 Hi
216 2143 302 2196 nostri
318 2142 431 2204 reditus,
452 2142 658 2210 exspectatique
677 2144 825 2212 triumphi?

160 2222 237 2273 Haec
249 2235 309 2272 mea
321 2235 420 2286 magna
433 2218 517 2270 fidesl
532 2219 571 2270 At
583 2235 644 2284 non,
659 2219 794 2287 Euandre,
807 2219 945 2287 pudendis
987 2237 1011 2274 5⁵

160 2295 324 2348 Volneribus
341 2294 449 2363 pulsum
469 2294 600 2362 aspicies;
618 2311 668 2348 nee
687 2295 788 2363 sospite
807 2295 897 2348 dirum

159 2371 275 2441 Optabis
293 2376 357 2425 nato
375 2372 456 2424 funus
474 2375 561 2440 pater.
600 2373 654 2425 Ilei
672 2372 747 2438 mihi,
766 2375 898 2440 quantum

160 2449 329 2502 Praesidium
353 2449 471 2501 Ausonia
491 2451 519 2500 ct
538 2452 670 2516 quantum
690 2453 721 2501 tn
739 2449 840 2518 perdis
860 2449 934 2502 lule!

194 2526 270 2578 Haeo
289 2525 335 2578 ubi
354 2524 472 2590 deflevit,
493 2524 551 2576 tolli
570 2525 725 2578 miserabile
744 2542 840 2591 corpus

161 2602 280 2669 luperat,
299 2605 327 2654 et
344 2605 403 2654 toto
422 2602 506 2655 lectos
525 2619 559 2654 ex
578 2602 685 2668 agmine
705 2602 791 2654 mittit
985 2608 1010 2648 6⁰

159 2677 234 2730 Mille
252 2677 331 2744 viros,
350 2678 396 2745 qui
415 2695 570 2745 supremum
590 2679 754 2731 comitentur
772 2678 910 2744 honorem,

159 2753 348 2822 Intersintque
366 2755 451 2821 patris
470 2753 594 2816 lacrimis,
615 2753 710 2806 solatia
728 2754 817 2807 luctus

159 2829 263 2897 Exigua
280 2829 405 2896 ingentis,
424 2829 522 2880 misero
542 2829 591 2881 sed
609 2829 703 2882 debita
722 2831 800 2898 patri.

159 2905 243 2958 Haud
262 2923 358 2972 segnes
376 2905 422 2957 ulii
441 2905 522 2956 cratis
542 2908 570 2958 et
588 2906 669 2957 molle
687 2906 819 2958 feretrum

159 2981 291 3036 Arbuteis
310 2985 409 3034 texunt
427 2981 510 3048 virgis
529 2984 557 3034 et
576 2982 675 3034 vimine
696 2999 807 3050 querno,
986 2997 1009 3037 6⁵

159 3059 378 3126 Exstmctosque
397 3060 471 3109 toros
490 3057 605 3110 obtentu
623 3059 728 3111 frondis
746 3059 910 3112 inumbrant.

159 3134 213 3189 Hic
230 3135 354 3188 iuvenem
374 3134 476 3202 agresti
496 3134 638 3188 sublimem
658 3136 787 3188 stramine
804 3138 922 3204 ponunt:

158 3211 270 3278 Qualem
290 3211 412 3288 rirgiueo
431 3211 584 3264 demessum
604 3213 701 3282 pollice
718 3211 813 3266 florem

217 3290 247 3335 23
