2242 3550
110 164 140 209 26
352 163 382 210 Ρ.
400 162 555 210 VERGILI
573 161 737 209 MARONIS

109 239 177 308 illie,
196 241 315 294 officiant
332 241 412 294 laetis
430 258 464 294 ue
482 240 607 308 frugibus
625 240 734 308 herbae,

110 316 170 382 Hie,
190 318 311 371 sterilem
330 319 444 384 exiguus
462 335 496 370 ne
516 317 625 371 deserat
643 318 741 372 humer
758 333 877 373 arenam.

145 393 268 446 Alternis
286 394 360 447 idem
378 400 470 446 tensas
489 411 594 447 cessare
613 395 729 462 novales,

28 493 30 498 ’
109 469 146 522 Et
164 486 275 536 segnem
293 471 398 538 patiere
417 472 471 523 situ
490 471 635 524 durescere
654 488 779 539 campum
789 491 797 536 3

111 548 169 598 Aut
188 546 226 598 ibi
245 546 313 598 flava
332 565 406 599 seres
425 551 530 599 mutate
549 547 639 600 sidere
658 549 739 615 fama,

110 622 191 674 Unde
210 623 285 690 prius
303 623 405 676 laetum
424 623 522 690 siliqua
541 629 686 690 quassante
704 624 830 690 legumen

111 701 169 752 Aut
187 701 277 752 tenuis
295 701 367 752 fetus
385 701 470 752 viciae
489 701 631 768 tristisque
650 701 734 768 lupini
943 717 968 756 ts

109 774 257 828 Sustuleris
276 777 380 843 fragilis
399 777 515 828 calamos
534 777 683 844 silvamque
702 780 853 831 sonantem.

110 851 173 905 Urit
192 852 263 904 enim
281 853 328 904 lini
346 869 471 919 campum
491 870 576 919 seges,
595 853 651 905 urit
670 869 778 916 avenae,

109 929 201 980 Urunt
221 929 341 982 Lethaeo
359 929 468 996 perlusa
486 945 621 996 papavera
639 945 749 982 somne:

110 1004 164 1057 Sed
183 1009 275 1057 tamen
293 1005 406 1057 alteruis
424 1005 510 1057 facilis
529 1005 622 1070 laber;
640 1005 717 1058 arida
735 1008 842 1058 tantum

110 1080 153 1132 Ne
171 1086 294 1134 saturare
313 1081 376 1134 fimo
395 1081 488 1148 pingui
507 1081 610 1149 pudeat
628 1081 692 1148 sela,
710 1098 778 1134 neve
943 1098 969 1134 se

111 1157 212 1210 llffetcs
231 1158 348 1210 cinerem
367 1157 528 1210 inmundum
546 1159 648 1210 iactare
666 1175 820 1226 peragras.

110 1234 153 1286 Sic
172 1251 279 1301 quoque
298 1234 410 1286 mutatis
429 1234 603 1300 requiescunt
621 1234 722 1287 fetibus
740 1251 811 1292 arva.

111 1311 135 1362 N
138 1328 169 1363 ec
186 1311 259 1363 nulla
278 1312 382 1363 interea
401 1315 444 1363 est
461 1311 584 1364 inaratae
603 1312 694 1378 gratia
712 1315 810 1364 terrae.

110 1387 196 1455 Saepe
216 1387 299 1439 etiam
318 1387 418 1440 sterilis
436 1387 582 1440 incendere
600 1387 702 1456 prefuit
720 1404 799 1454 agros

111 1467 204 1531 Atque
222 1463 310 1516 levem
328 1464 455 1530 stipulam
474 1464 670 1531 crepitantibus
687 1481 768 1517 urere
787 1464 916 1525 flammai
944 1480 969 1518 ss

110 1535 172 1593 Sive
189 1539 252 1592 inde
271 1539 390 1592 occultas
409 1540 472 1591 viris
492 1543 521 1592 et
539 1540 639 1608 pabula
657 1545 747 1592 terrae

111 1617 223 1684 Pinguia
240 1617 411 1684 eeneipiunt;
430 1617 485 1668 sive
503 1617 554 1668 illis
573 1634 652 1670 omne
670 1619 828 1686 perignem

113 1693 276 1761 llxeoquitur
295 1693 398 1754 vitium,
418 1698 503 1762 atque
523 1694 640 1746 exsudat
658 1695 760 1746 inutilis
779 1693 893 1758 humer3

110 1769 164 1822 Seu
182 1769 266 1838 pluu's
285 1769 358 1821 calor
375 1769 421 1821 ille
440 1770 496 1822 vias
516 1773 544 1822 et
563 1787 642 1823 caeca
660 1771 766 1823 relaxat

110 1847 290 1914 Spiramenta,
309 1862 391 1898 novas
411 1847 501 1899 veniat
520 1863 572 1914 qua
592 1863 671 1900 ericus
689 1849 716 1899 in
736 1847 853 1910 lrerbas3
943 1862 970 1900 eo

110 1923 164 1976 Seu
182 1922 263 1974 durat
282 1923 374 1990 magis,
393 1926 422 1975 et
440 1939 522 1976 venas
541 1924 688 1991 adstringit
707 1924 816 1990 hiantis,

111 1999 152 2051 Ne
171 2002 266 2052 tenues
284 1998 398 2066 pluviae,
417 1999 538 2067 rapidive
557 2002 679 2068 petentia
698 2000 761 2052 selis

111 2076 215 2141 Acrior,
234 2079 281 2128 aut
300 2075 406 2130 Boreae
424 2077 593 2144 penetrabile
613 2079 697 2144 frigus
717 2077 824 2128 adurat.

144 2151 261 2204 Multum
280 2151 356 2218 adeo,
374 2153 469 2204 rastris
487 2153 598 2219 glaebas
620 2155 665 2220 qui
684 2154 786 2220 frangit
803 2154 900 2207 inertis

111 2227 302 2296 Vimineasque
320 2229 405 2281 trahit
423 2230 512 2296 eratis,
530 2230 605 2282 iuvat
624 2248 707 2294 arva;
725 2247 814 2298 neque
831 2230 907 2282 illum
945 2241 971 2279 ea

111 2304 294 2361 lllavaOeres
313 2305 367 2357 alte
387 2306 549 2372 nequiquam
569 2312 674 2373 spectat
693 2307 826 2376 Olymp0;

111 2381 147 2432 nt
165 2381 219 2449 qui,
238 2381 369 2446 proscisso
388 2399 457 2448 quae
477 2383 590 2434 suscitat
610 2401 728 2452 aequore
747 2388 833 2451 terga,

111 2457 214 2510 ltursus
232 2458 259 2509 in
278 2456 416 2524 obliquum
435 2475 512 2510 verso
532 2463 687 2529 perrumpit
706 2465 805 2528 aratra,

113 2533 281 2600 llxereetque
299 2533 427 2601 frequens
446 2535 578 2602 tellurem,
597 2545 679 2605 atque
698 2538 805 2604 inperat
823 2538 900 2598 arvia

124 2641 126 2648 ·
145 2609 266 2662 Humida
284 2610 399 2662 solstitia
417 2615 499 2678 atque
518 2612 619 2666 hiemes
637 2617 714 2666 erate
733 2630 849 2678 serenas,
938 2627 975 2665 100

112 2686 274 2753 Agricola03
291 2685 404 2739 hiberno
424 2687 573 2742 laetissima
592 2691 705 2758 pulvere
724 2690 804 2756 farra,

111 2763 211 2816 laetus
230 2781 309 2831 ager:
330 2764 403 2816 nulle
423 2769 530 2818 tantum
551 2784 580 2819 se
600 2767 687 2834 Mysia
707 2767 783 2820 cultu

112 2840 202 2893 lactat
220 2845 248 2894 et
266 2842 324 2909 ipsa
342 2858 403 2894 suas
421 2843 552 2894 mirantur
572 2843 693 2910 Gargara
710 2843 811 2895 messis.

112 2916 182 2978 Quid
201 2919 295 2982 dicam,
313 2919 384 2971 iacto
404 2920 450 2987 qui
470 2921 571 2971 semine
591 2921 743 2972 cerriminns
761 2935 826 2971 arva

113 2993 269 3059 Insequitur
287 2996 462 3063 cumulosque
481 2997 535 3047 ruit
554 2997 624 3049 unde
643 2997 750 3066 pinguis
769 3009 876 3060 arenae,
939 3004 977 3045 10⁵

111 3069 218 3121 Deinde
237 3072 302 3123 satis
322 3071 430 3124 lluvium
450 3073 553 3124 inducit
572 3074 699 3141 rivosque
719 3075 867 3140 sequentis,

111 3145 154 3210 llt,
173 3161 233 3198 cum
253 3152 366 3199 exustus
385 3164 450 3214 ager
470 3149 650 3202 morientibus
669 3151 779 3201 aestuat
797 3145 898 3206 herbis,

112 3221 178 3274 noce
197 3224 340 3291 supercilia
359 3225 449 3276 clivosi
468 3226 586 3278 tramitis
604 3227 705 3278 undam
