2234 3554
358 510 387 559 P.
406 511 559 559 VERGILI
577 511 743 561 MARONIS

328 671 795 746 AENEIDOS

422 866 539 920 LIBER
561 865 696 920 NONUS.

496 1040 593 1066 —e—

134 1165 232 1225 Arous
252 1185 285 1222 ea
302 1168 410 1221 diversa
426 1168 536 1236 penitus
554 1168 619 1220 dum
637 1174 715 1236 parte
733 1172 872 1238 geruntur,

134 1241 201 1293 lrim
220 1245 256 1297 de
273 1244 348 1298 caelo
366 1244 440 1296 misit
459 1244 588 1297 Saturnia
608 1244 677 1296 luno

134 1319 275 1372 Audacem
294 1320 330 1373 ad
349 1321 477 1373 Turnum.
513 1320 587 1372 Luco
605 1323 664 1373 tum
683 1320 754 1372 forte
773 1322 894 1389 parentis

135 1395 213 1446 l’ilun
225 1395 253 1446 ui
272 1395 379 1448 Turnus
397 1400 503 1450 sacrata
521 1396 591 1449 valle
610 1395 731 1449 sedebat.

135 1470 181 1522 Ad
200 1488 281 1538 quem
300 1471 339 1524 sie
357 1488 435 1524 roseo
454 1472 650 1525 Thaumantias
668 1489 717 1524 ore
733 1472 824 1525 locuta
841 1477 898 1526 est:
973 1491 987 1529 s

133 1547 231 1614 Turne,
250 1547 324 1615 quod
343 1549 448 1615 optanti
468 1549 558 1601 divom
576 1549 739 1618 promittere
757 1566 836 1602 nemo

135 1623 269 1690 Auderet,
288 1623 421 1676 volvenda
438 1625 504 1688 dies,
524 1642 565 1690 en,
585 1624 679 1678 attulit
696 1625 776 1677 ultro.

134 1701 250 1766 Aeneas,
269 1700 338 1753 urbe
356 1705 385 1754 et
404 1701 482 1754 suciis
501 1705 529 1755 et
547 1702 633 1754 classe
652 1701 755 1766 relicta,

133 1776 248 1843 Sceptra
267 1777 385 1830 Palatini
404 1778 553 1846 sedemque
572 1777 641 1845 petit
661 1777 788 1829 Euandri.

133 1852 192 1906 Nec
210 1853 289 1907 satis:
308 1857 445 1908 extremas
465 1855 577 1922 Corythi
595 1854 750 1921 penetravit
768 1853 804 1906 ad
822 1855 912 1920 urbes,
962 1871 987 1908 ro

134 1929 326 1998 Lydorumque
345 1948 453 1984 manum
472 1931 599 1984 collectos
617 1935 706 1982 armat
724 1931 847 1997 agrestis.

132 2006 205 2070 Quid
218 2006 345 2061 dubitasl
359 2025 429 2060 nunc
442 2012 550 2076 tempus
563 2023 655 2074 aquea,
670 2024 740 2059 nunc
753 2023 863 2074 poscere
875 2023 981 2061 currus.
1100 1979 1101 2039 l

134 2083 241 2152 Rumpe
259 2101 349 2137 moras
367 2085 454 2137 omnis
472 2089 500 2137 et
518 2083 631 2136 turbata
649 2084 738 2150 arripe
757 2087 853 2136 castra.

136 2159 219 2227 Dixit,
238 2164 267 2213 et
285 2161 312 2212 iu
331 2161 436 2214 caelum
454 2159 566 2228 paribus
585 2175 614 2211 sc
633 2159 744 2211 sustulit
761 2159 817 2225 alis,

133 2236 333 2304 lugentemque
351 2237 416 2304 iuga
434 2237 520 2290 secuit
539 2234 589 2288 sub
608 2233 725 2287 nubibus
743 2251 843 2288 arcum.
961 2239 986 2278 1⁵

135 2312 276 2379 Adgnovit
294 2313 406 2378 iuvenis,
426 2312 597 2380 duplicisque
615 2311 650 2363 ad
669 2311 760 2364 sidera
777 2311 880 2379 palmas

132 2388 259 2451 Sustulit,
278 2404 309 2440 ac
327 2389 376 2440 tali
394 2389 542 2455 fugientem
562 2391 604 2441 est
622 2403 687 2440 rece
705 2389 826 2440 secutus:

133 2466 179 2530 lri,
199 2465 282 2517 decus
301 2465 375 2530 caeli,
395 2465 457 2534 quis
476 2469 504 2518 te
522 2465 589 2516 mihi
607 2463 725 2516 nubibus
743 2468 832 2516 actam

133 2541 241 2595 Detulit
259 2542 287 2592 in
306 2543 411 2594 terrast
430 2542 503 2594 unde
521 2541 589 2594 haec
607 2545 664 2594 tam
682 2541 755 2593 clara
772 2544 886 2608 repente

130 2619 310 2686 Tempestas?
328 2618 449 2670 medium
468 2618 547 2671 video
566 2617 707 2670 discedere
725 2616 836 2682 caelum,
962 2631 987 2668 ao

134 2695 311 2763 Palantisque
329 2694 391 2762 polo
410 2693 513 2747 stellas.
551 2693 656 2761 Sequor
674 2694 764 2745 omina
781 2695 865 2758 tauta,

132 2772 261 2840 Quisquis
279 2772 307 2824 in
326 2788 402 2824 arma
420 2787 508 2825 rocas.
546 2771 582 2823 Et
601 2771 638 2822 sic
657 2770 754 2823 effatus
772 2769 809 2822 ad
826 2768 927 2821 undam

133 2849 277 2916 Processit,
295 2864 456 2916 summoque
474 2847 565 2900 hausit
584 2845 619 2898 de
637 2847 747 2913 gurgite
765 2844 895 2913 lymphas,

132 2925 222 2977 Multa
241 2926 307 2977 deos
326 2941 414 2989 orans,
433 2923 611 2989 oneravitque
629 2921 741 2974 aethera
758 2922 835 2974 votis.

167 3000 281 3068 lamque
299 2999 387 3052 omnis
405 2999 508 3066 caurpis
526 2998 662 3050 exereitus
680 2998 738 3051 ibat
755 2997 864 3066 apertis,
961 3009 987 3047 as

133 3074 215 3126 Dives
234 3092 343 3142 equum,
363 3075 439 3126 dives
457 3074 540 3140 pictai
559 3073 642 3124 restis
660 3077 689 3126 et
706 3073 780 3136 auri;

133 3147 275 3215 Messapus
292 3150 395 3217 primas
412 3150 491 3215 acies,
508 3152 645 3215 postrema
664 3153 788 3202 coercent

132 3221 282 3287 Tyrrhidae
300 3225 426 3288 iureues;
444 3223 535 3276 medio
554 3222 609 3275 dux
628 3225 735 3291 maniae
754 3225 861 3277 Turnus
