2242 3550
102 137 134 185 28
340 132 370 181 P.
391 131 543 178 VERGILI
561 131 727 178 MARONIS

102 215 260 270 Deficerent
278 213 360 267 silvae
379 216 408 266 et
426 213 526 266 vietum
546 208 659 266 Dodona
676 218 797 281 negaret.

103 293 168 346 Mox
187 294 216 346 et
233 289 378 344 frumentis
395 289 472 342 labor
491 290 607 356 additus,
625 294 657 344 ut
675 290 747 343 mala
764 291 867 344 culmos
924 307 962 346 155

103 371 182 423 Esset
200 367 294 434 robigo
314 367 457 435 segnisque
476 367 601 420 horreret
619 369 646 420 in
664 369 734 420 arvis

103 447 241 511 (larduus3
258 445 399 498 intereunt
419 448 534 512 segetes,
554 445 627 498 subit
646 463 742 514 aspera
761 447 835 511 silva,

103 525 265 594 Lappaeque
285 521 439 590 tribolique,
458 522 586 591 interque
605 523 721 575 nitentia
738 523 817 576 culta·

104 602 201 655 Infelix
220 601 312 654 lolium
331 603 360 654 et
379 600 485 653 steriles
505 600 679 653 dominantur
697 617 804 653 avenae.

103 679 182 743 Quod
200 679 250 731 nisi
270 681 299 731 et
317 677 438 730 adsiduis
457 677 570 730 herbam
589 677 759 730 insectabere
777 679 880 744 rastris,
928 693 964 730 155

103 755 139 808 llt
155 754 244 806 sonitu
264 753 380 808 terrebis
400 771 469 822 aves,
489 757 518 806 et
535 755 606 808 ruris
624 754 699 822 opaci
750 751 753 755 ’

104 832 184 884 Falce
202 848 310 898 premes
330 831 463 899 umbram,
482 832 606 899 votisque
626 830 764 884 vocaveris
781 830 902 896 imbrem,

105 908 175 975 Heu,
193 925 321 975 magnum
340 907 452 960 alterius
470 909 573 960 falstra
593 905 730 976 spectabis
748 923 882 972 acervum,

104 985 295 1052 Concussaqne
313 985 413 1038 samem
431 986 458 1038 iu
477 985 550 1038 silvis
571 984 694 1037 solabere
713 1001 821 1052 quercu.

138 1061 290 1114 Dieendrun
310 1065 345 1129 et,
365 1078 434 1129 quae
452 1063 506 1115 sint
525 1061 599 1114 duris
620 1061 773 1129 agrestibus
791 1077 873 1127 arma,
930 1073 966 1111 155

105 1137 169 1201 Quis
187 1139 244 1192 sine
264 1156 313 1192 nec
331 1144 446 1208 patuere
464 1139 517 1192 seri
536 1155 587 1191 nee
606 1155 718 1205 surgere
736 1154 853 1191 messes:
979 1141 981 1146 '

104 1214 199 1276 Vernis
221 1217 251 1270 51
268 1216 359 1269 inflexi
378 1217 494 1284 primum
513 1232 595 1282 grave
615 1215 699 1266 robur
717 1217 809 1283 aratri,

105 1291 249 1359 Tardaque
269 1292 413 1344 Eleusinae
432 1293 528 1344 matris
547 1292 684 1344 volventia
703 1292 831 1360 plaustra,

105 1367 275 1436 l'ribulaque,
297 1367 472 1435 traheaeque,
492 1371 521 1418 et
539 1367 631 1435 iniquo
652 1369 773 1435 pondere
790 1368 886 1434 rastri;

107 1444 207 1512 Virgea
224 1449 370 1512 praeterea
390 1443 463 1496 Celei
482 1443 595 1510 vilisque
614 1445 743 1512 supellex,
931 1457 968 1496 155

106 1521 246 1574 Arbuteae
266 1524 354 1573 crates
374 1524 402 1573 et
420 1521 533 1588 mystica
551 1537 654 1572 vannus
674 1521 770 1574 lacelri.

107 1598 203 1651 Omnia
222 1614 292 1665 quae
311 1597 396 1649 multo
415 1601 479 1650 ante
498 1613 602 1649 memor
620 1598 729 1664 provisa
746 1613 869 1664 reposce,

107 1674 135 1727 Si
152 1679 181 1728 te
200 1675 283 1742 digna
302 1677 394 1727 manet
413 1674 495 1726 divini
514 1673 599 1742 gloria
618 1674 694 1726 ruris.

107 1751 240 1804 Oorrtinuo
259 1751 287 1804 in
305 1751 379 1806 silvis
398 1769 497 1818 magna
516 1751 541 1803 vi
560 1751 630 1804 flexa
652 1751 779 1803 domatur

107 1827 140 1880 In
159 1826 248 1881 burim
268 1832 297 1882 et
315 1829 388 1880 curvi
407 1829 521 1881 formam
542 1830 638 1896 accipit
657 1828 745 1880 ulmus
764 1827 854 1880 aratri.
934 1837 969 1879 115

108 1904 179 1958 Huic
195 1903 229 1956 ab
249 1905 335 1973 stirpe
354 1905 438 1973 pedes
457 1908 531 1958 temo
550 1909 696 1973 protentus
714 1904 740 1955 in
760 1907 829 1970 octo,

107 1980 191 2034 Binae
210 1998 296 2048 aures,
318 1981 417 2050 duplici
436 1986 567 2050 aptantur
588 1981 707 2034 dentalia
726 1981 813 2033 dorso.

107 2057 238 2110 Caeditur
257 2061 286 2110 et
304 2059 363 2112 tilia
383 2064 447 2111 ante
467 2059 529 2126 ingo
549 2058 622 2124 leviS,
644 2057 753 2125 altaque
771 2059 848 2124 fagus

107 2133 244 2202 Stivaque,
263 2151 332 2202 quae
352 2151 445 2187 cursus
464 2152 480 2187 a
500 2141 577 2202 tergo
599 2138 728 2202 torqueat
746 2135 827 2198 imos3

106 2207 142 2260 at
161 2213 293 2278 suspensa
310 2211 376 2264 ineis
396 2211 521 2278 explorat
542 2211 638 2262 robora
657 2212 753 2263 sumus.
935 2222 971 2264 175

142 2284 253 2338 Possum
273 2287 359 2340 multa
377 2287 427 2340 tibi
448 2291 570 2340 veterum
591 2291 738 2356 praecepta
756 2291 866 2354 reterre,

107 2361 142 2414 Ni
161 2363 262 2429 refugis
282 2363 426 2430 tenuisque
447 2364 523 2430 piget
543 2381 705 2430 cognoscere
724 2380 807 2416 eurus.

108 2440 183 2492 Area
201 2456 261 2491 curn
281 2439 375 2508 primis
395 2440 498 2507 ingenti
519 2442 663 2508 aequanda
682 2441 803 2509 cylindro

108 2516 144 2568 In
162 2515 295 2568 vertenda
314 2533 395 2568 manu
415 2521 444 2569 51
463 2521 540 2570 creta
560 2518 700 2572 solidanda
719 2519 814 2572 tenaci.

108 2592 150 2645 Ne
169 2591 284 2644 subeant
304 2592 413 2658 herbae,
434 2611 488 2646 neu
506 2596 618 2662 pulvere
638 2597 709 2649 ricta
727 2595 841 2660 fatiscat,
937 2609 975 2646 155

107 2668 175 2721 Turn
193 2669 283 2722 variae
303 2669 429 2722 inludant
448 2675 554 2744 pestes:
576 2689 656 2740 saepe
675 2674 865 2740 exiguusmus

108 2743 163 2798 Sub
181 2745 264 2798 terris
282 2747 428 2814 posuitque
449 2747 544 2800 dornos
565 2753 648 2815 atque
666 2749 765 2801 horrea
782 2748 861 2810 fecit;

109 2823 168 2875 Aut
186 2822 269 2875 oculis
289 2824 362 2891 capti
382 2824 475 2877 fodere
495 2823 593 2876 cubilia
611 2823 721 2892 talpae;

110 2899 294 2968 Inventusque
315 2901 385 2954 caris
405 2899 477 2969 bufo,
498 2905 527 2954 et
546 2917 615 2969 quae
634 2901 754 2970 plurima
771 2908 862 2954 terrae
937 2913 974 2950 151

108 2975 233 3028 Monstra
252 2977 360 3044 ferunt,
379 2979 548 3048 populatque
565 2977 706 3045 ingentem
725 2979 804 3030 farris
822 2992 948 3029 acervum

110 3051 242 3122 Curculio,
264 3060 347 3125 atque
365 3057 438 3126 inopi
456 3061 581 3109 metuens
601 3057 716 3109 formica
736 3059 866 3108 senectae.

110 3128 318 3200 ssnnternplator
335 3134 409 3200 item,
428 3151 488 3187 cum
508 3151 536 3186 se
554 3151 610 3187 nux
629 3135 746 3202 plurima
767 3132 839 3184 silvis

203 3209 260 3262 tin
277 3208 373 3264 florem
391 3213 420 3264 et
438 3227 528 3264 ramos
546 3210 671 3264 curvabit
690 3208 800 3262 olentis:

650 3381 660 3403 Ι
