2274 3554
147 139 192 185 136
378 136 407 186 Ρ.
426 137 579 186 VERGILI
598 139 764 188 MARONIs·

144 216 189 270 Sol
207 217 263 270 ruit
281 217 389 270 interea
407 220 436 270 et
453 221 560 272 montes
578 217 742 273 umbrantur
758 221 842 290 opaci

144 293 298 347 Sternimur
315 298 427 362 optatae
445 295 550 362 gremio
568 295 675 349 telluris
693 297 729 350 ad
746 297 856 367 aarum,

144 370 240 424 Sortiti
258 387 354 432 remos,
373 373 528 440 passimque
546 372 574 424 in
592 372 673 425 litore
691 374 761 427 sicco
959 390 995 432 ⁶10

145 449 266 516 Corpora
285 465 426 512 curamus3
444 448 529 501 fessos
549 464 629 515 sopor
646 449 749 516 inrigat
766 455 851 504 artua.

144 525 268 578 Necdum
287 524 380 578 orbem
399 524 519 576 medium
538 525 601 578 Nox
619 525 693 578 horis
710 530 772 580 acta
790 526 913 582 subibat:

146 602 228 655 llaud
247 602 337 670 segnis
355 605 442 653 strato
460 603 548 669 surgit
567 601 711 655 Palinurus
729 607 758 656 ct
776 603 862 658 omnis

144 679 274 746 Explorat
293 681 396 743 ventos,
415 680 499 744 atque
517 679 628 732 auribus
646 695 711 732 aera
728 683 836 747 captat;

144 754 241 807 Sidera
258 759 356 807 cuncta
374 758 452 807 notat
470 755 554 808 tacito
573 755 694 810 labentia
711 756 793 821 caelo,
958 773 994 812 ns

144 833 293 884 Arcturum
311 831 472 900 pluviasque
492 831 603 899 Hyadas
620 833 797 901 geminosque
815 832 935 899 Triones,

145 909 345 976 Armatumque
363 924 429 961 auro
447 907 628 978 circumspicit
647 909 756 964 Oriona.

144 984 293 1052 Postquam
312 989 410 1039 cuncta
428 984 502 1038 videt
520 987 594 1039 eaelo
612 989 737 1040 constare
755 1002 859 1054 sereno,

143 1060 199 1115 Dat
216 1062 320 1115 clarum
338 1079 354 1116 e
371 1063 456 1132 puppi
473 1063 593 1129 signum;
611 1079 660 1116 nos
676 1066 766 1116 castra
783 1078 928 1125 movemus,

143 1137 373 1207 'lenrptamusque
391 1140 462 1192 viam
481 1146 509 1192 et
528 1139 648 1193 velorum
666 1139 811 1208 pandimus
829 1139 892 1192 alas.
952 1163 989 1203 520

144 1213 258 1284 lamque
276 1216 439 1270 rubescebat
457 1216 543 1269 stellis
562 1218 671 1269 Aurora
688 1215 797 1284 fugatis,

143 1290 211 1343 Cum
229 1293 322 1359 procul
340 1291 469 1345 obscuros
486 1292 561 1345 collis
578 1292 762 1360 humilemque
781 1291 905 1346 videmus

144 1366 259 1420 ltaliam.
297 1368 407 1421 ltaliam
424 1367 529 1436 primus
546 1368 696 1421 conclamat
715 1367 844 1434 Achates,

144 1442 252 1496 ltaliam
270 1443 343 1496 laeto
362 1444 426 1497 socii
444 1443 561 1496 clamore
579 1443 707 1496 salutant.

142 1517 210 1570 'lum
228 1523 308 1587 pater
326 1519 458 1572 Anchises
476 1534 603 1586 magnum
622 1523 727 1572 cratera
745 1535 843 1572 corona
954 1533 991 1574 tro

96 1657 99 1663 Α
143 1593 238 1648 Induit
255 1595 422 1663 inplevitque
440 1611 523 1662 mero,
541 1595 673 1661 divosque
691 1595 796 1669 necavit

142 1670 223 1725 sans
241 1670 313 1724 celsa
331 1670 359 1722 in
377 1671 476 1738 puppi:

142 1747 177 1800 Di
195 1748 278 1801 maris
296 1751 325 1800 et
342 1750 434 1800 terrae
453 1749 703 1813 tempestatumque
721 1748 853 1815 potentes,

143 1823 226 1877 Ferte
245 1823 316 1876 viam
333 1828 415 1876 vento
432 1823 538 1876 facilem
557 1827 586 1876 et
604 1822 706 1890 spirate
724 1823 841 1876 secundi.

142 1900 310 1954 Crebescuut
328 1903 439 1968 optatae
457 1917 547 1965 aurae,
565 1906 715 1968 portusque
733 1900 849 1967 patescit
952 1915 990 1958 tao

143 1976 201 2029 lam
220 1978 335 2045 propior,
354 1977 542 2046 templumque
560 1976 676 2045 adparet
693 1977 721 2030 in
739 1992 801 2029 arce
819 1976 966 2030 Minervae.

141 2051 211 2106 Vela
228 2053 323 2122 legunt
340 2054 412 2120 socii,
431 2059 460 2108 et
477 2071 573 2123 proras
590 2054 626 2108 ed
643 2054 724 2109 litora
741 2057 877 2124 torquent.

142 2129 241 2184 Portus
259 2130 294 2184 ab
314 2132 403 2184 Euroo
422 2131 507 2185 fluctu
524 2135 652 2186 curvatus
669 2133 697 2185 in
716 2147 823 2197 arcum3

142 2206 272 2261 Obiectae
291 2208 361 2261 salsa
379 2213 506 2276 spumant
524 2209 688 2277 adspargine
706 2213 814 2273 cautem

142 2284 206 2352 Ipse
225 2285 307 2350 latct;
325 2285 433 2353 gemino
451 2285 602 2339 demittunt
619 2285 745 2338 bracchia
761 2301 839 2338 muro
955 2302 991 2341 aas

141 2361 243 2414 Turriti
261 2361 372 2430 scopuli,
390 2362 547 2429 refugitque
565 2361 600 2414 ab
618 2362 698 2415 litore
714 2361 854 2429 templum.

142 2437 277 2500 Quattuor
294 2437 345 2503 hic,
363 2438 481 2505 primum
499 2453 585 2504 omen,
604 2453 690 2505 equos
708 2437 735 2489 in
753 2437 876 2504 gramine
893 2436 950 2490 vidi

143 2513 290 2566 Tondeutis
308 2529 432 2581 campum
451 2512 515 2577 late,
534 2513 651 2566 candore
667 2513 756 2566 nivali.

142 2591 177 2642 Et
195 2593 275 2658 pater
295 2589 443 2642 Anchises:
463 2589 577 2655 Bellum,
596 2605 611 2641 o
629 2593 705 2643 terra
722 2589 836 2658 hospita,
854 2595 961 2658 portas;

143 2666 222 2720 Bello
231 2669 372 2719 amnentur
384 2665 456 2734 equi,
469 2665 570 2718 bellum
582 2665 649 2720 haec
661 2669 784 2719 armenta
796 2666 941 2722 minantur.
953 2681 990 2720 tao

141 2743 196 2796 Sed
214 2747 305 2796 tannen
323 2741 397 2795 idem
416 2742 480 2794 olim
498 2759 579 2795 curru
598 2742 743 2796 succedere
761 2744 831 2796 sueti

141 2818 345 2888 Quadrupedes
364 2822 392 2872 et
410 2818 487 2872 irena
505 2820 568 2886 ingo
587 2820 731 2873 concordia
748 2820 833 2873 ferre:

141 2897 209 2965 Spes
227 2901 256 2950 et
274 2896 353 2964 pacis,
372 2896 418 2950 ait.
456 2895 523 2948 Tum
541 2896 651 2949 nunrina
669 2900 762 2949 sancta
779 2911 921 2964 precamur

142 2973 261 3027 Palladis
279 2974 437 3038 armisonae,
456 2989 526 3040 quae
544 2973 632 3042 prima
650 2973 755 3040 acecpit
773 2973 886 3040 ovantis,

143 3050 178 3104 Et
195 3052 285 3118 capita
302 3054 366 3104 ante
384 3066 445 3103 aras
465 3048 582 3116 Phrygio
600 3049 722 3103 velamur
741 3049 856 3113 amictu;
954 3061 990 3102 aar

142 3125 355 3196 Praeceptisque
368 3126 482 3194 Heleni,
501 3125 617 3180 dederat
634 3143 704 3195 quac
722 3140 856 3192 nraxuma,
873 3126 926 3178 rite
1017 3190 1018 3195 Ἰ
1107 3181 1108 3184 ,

142 3201 240 3256 Iunoni
259 3205 379 3272 Argivae
397 3205 484 3260 iussos
502 3203 643 3259 adolemus
660 3203 783 3258 honores.

1112 2573 1115 2650 l
