2242 3550
138 155 168 200 20
367 147 396 196 P.
416 146 571 194 VERGILI
588 143 756 194 MARONIS

136 232 168 285 L.
188 232 260 296 Heu,
278 231 352 284 cadit
370 231 398 284 in
417 247 581 300 quemquam
600 233 707 284 tantum
727 228 832 282 seclusi
856 227 919 292 heu,
940 231 991 282 tua

205 306 283 360 nobis

139 384 228 437 Paene
248 383 327 436 simul
346 386 437 437 tecum
457 383 553 436 solatia
571 388 657 451 rapta,
676 383 817 436 Menalcai

139 461 205 524 Quis
217 463 327 514 caneret
340 460 497 528 Nymphaei
510 460 572 526 quis
584 459 695 511 humum
709 458 873 511 florentibus
885 457 979 511 herbis

138 539 292 604 spargeret,
312 540 360 590 aut
378 535 459 588 viridi
477 535 560 588 fontis
578 535 721 588 induceret
739 535 856 588 umbrat
967 550 992 587 ao

138 613 190 666 Vel
209 629 280 680 quae
298 613 404 681 sublegi
423 612 523 666 tacitus
541 611 592 664 tibi
612 611 730 664 earmina
749 627 843 679 nuper,

139 691 207 744 Cum
225 693 254 744 te
273 689 309 742 ad
327 689 439 742 delicias
457 689 551 750 ferres,
572 688 750 756 Amaryllida,
769 690 895 742 nostrast

138 767 258 835 “i'ityrc,
278 766 344 819 duna
362 765 572 819 redeo—brevis
592 769 634 818 est
651 766 811 834 via-pasce
828 764 952 833 capellas,

139 844 175 898 Et
193 847 288 912 potum
306 847 400 910 pastas
417 859 476 910 age,
495 842 595 910 Tityre,
614 846 643 894 et
661 841 886 909 interagendum

140 920 288 974 Occursare
306 935 396 987 capro,
414 935 497 972 cornu
514 919 579 971 ferit
597 918 651 984 ille,
670 919 785 972 mveto.’‘
968 932 991 972 es

139 997 180 1051 M.
202 997 289 1049 Immo
308 995 381 1060 hacc,
400 1012 470 1064 quae
490 995 563 1048 Varo
580 994 697 1047 necdum
716 995 838 1063 perfecta
861 992 990 1046 canebat:

140 1077 154 1100 “
162 1073 242 1138 Vere,
261 1076 338 1126 tuum
357 1089 463 1139 nomeu,
481 1076 593 1140 superet
610 1071 692 1123 modo
712 1071 825 1124 Mantua
843 1069 928 1136 nobie,

140 1149 260 1215 Mantua,
279 1166 336 1214 vac,
355 1150 472 1204 miserae
490 1149 603 1202 nimium
621 1149 708 1201 vicina
726 1147 881 1211 Cremonae,

140 1227 290 1281 Cantantes
309 1227 425 1280 sublime
443 1227 534 1279 ferent
551 1226 587 1280 ad
606 1226 696 1278 sidera
713 1223 810 1293 cycni.”

140 1303 171 1358 L.
192 1303 235 1357 Sic
254 1307 302 1356 tua
321 1303 440 1370 Cyrneas
458 1303 565 1369 fugiant
584 1303 708 1354 examina
726 1306 811 1366 taxos,
968 1312 994 1351 ao

140 1380 185 1434 Sic
203 1379 288 1447 cytiso
306 1383 401 1447 pastae
419 1375 579 1431 distendant
598 1378 683 1431 ubera
703 1393 806 1444 vaccae,

142 1457 243 1524 incipe,
262 1456 284 1508 si
303 1454 370 1523 quid
388 1454 473 1507 habos
522 1454 557 1506 iit
575 1470 619 1506 nie
637 1453 728 1507 fecere
745 1458 853 1521 poetam

142 1531 281 1596 l'ierides;
300 1534 363 1584 suut
381 1535 410 1584 ct
428 1531 492 1582 mibi
514 1530 648 1594 carmina;
667 1547 711 1582 me
731 1545 838 1597 quoque
857 1528 951 1581 dicunt

142 1609 240 1662 Vatem
259 1612 399 1676 pastores;
419 1607 465 1660 sed
486 1623 538 1660 uon
558 1623 611 1674 ego·
627 1606 755 1659 credulus
775 1606 835 1660 iliis.

141 1685 210 1738 Nam
230 1700 318 1752 neque
336 1683 425 1736 adhuc
446 1683 529 1736 Vario
549 1682 649 1748 videor,
668 1699 718 1736 uec
738 1683 828 1735 dicere
848 1681 934 1735 Cinna
968 1695 993 1736 et

142 1761 236 1829 Digna,
255 1761 304 1814 sed
322 1763 434 1828 argutos
451 1760 524 1812 iuter
542 1763 666 1828 strepere
684 1752 763 1812 anser
781 1759 874 1812 olores.

140 1837 182 1891 M.
202 1838 235 1890 Id
255 1838 365 1907 quidem
384 1853 435 1905 ago
453 1840 482 1890 et
500 1835 608 1899 tacitus,
630 1835 736 1904 Lycida,
754 1851 860 1888 mecum
879 1837 937 1904 ipse

210 1914 309 1975 solute,

142 1990 170 2044 Si
189 1991 291 2043 valeam
309 1990 482 2054 rnemiuisse;
500 2005 588 2057 neque
606 1992 649 2042 est
666 1988 784 2056 ignobile
803 2005 918 2042 carmen.

142 2068 225 2120 “Huc
243 2067 317 2132 ades,
336 2085 351 2119 o
372 2068 504 2131 Galatea3
522 2067 583 2134 quis
601 2069 644 2118 est
663 2081 724 2118 uam
743 2065 824 2118 ludus
843 2066 870 2118 in
893 2065 995 2119 undis'i

143 2143 197 2197 Hic
215 2160 262 2197 ver
280 2160 454 2211 purpureum,
472 2143 561 2196 varios
579 2143 622 2195 hic
641 2141 751 2195 flumina
769 2143 869 2196 circum
971 2158 996 2195 so

143 2219 245 2274 Fundit
264 2220 362 2273 humus
380 2220 466 2281 flores,
484 2219 528 2272 hic
545 2218 661 2272 candida
678 2220 794 2288 populus
812 2229 890 2272 antro

143 2297 279 2359 Imminet,
298 2301 328 2349 ct
346 2296 436 2349 lentae
454 2299 552 2348 texunt
570 2295 728 2348 umbracula
747 2297 835 2359 uites;

144 2373 206 2426 liuc
224 2373 309 2435 ades3
328 2373 414 2425 insani
433 2372 533 2424 feriant
551 2371 609 2423 siue
628 2371 709 2424 litora
728 2372 849 2425 fluetus.’'

142 2449 173 2502 L.
194 2448 274 2516 Quid,
293 2465 364 2516 quae
382 2452 498 2515 tepora
518 2447 603 2499 solum
623 2447 673 2500 sub
692 2454 773 2502 nocto
792 2454 934 2502 canentem

144 2525 314 2578 Audierami
334 2541 461 2577 numeros
481 2524 599 2590 maurini,
622 2525 645 2576 si
663 2525 748 2579 verba
766 2530 896 2580 tenerem.
973 2541 998 2578 ss

144 2601 183 2654 M.
203 2601 342 2670 “Daphni‚
362 2601 430 2670 quid
449 2601 574 2668 antiquos
594 2602 732 2669 signorum
751 2604 864 2672 suspicis
882 2605 979 2656 ortusi

144 2677 212 2732 liceo
232 2678 345 2732 Dionaei
365 2680 498 2746 processit
518 2678 641 2730 Caesaris
659 2683 772 2747 astrum,

145 2757 268 2822 Astrum,
287 2772 341 2823 quo
362 2759 470 2823 segetes
488 2755 640 2822 gauderent
658 2755 792 2823 frugibus,
810 2760 839 2809 et
857 2769 911 2822 quo

145 2830 266 2885 Duceret
283 2833 382 2901 apricis
401 2833 427 2885 iu
447 2832 559 2886 collibus
576 2849 629 2884 uva
647 2833 772 2886 colorem.

146 2907 247 2976 Insere,
269 2908 385 2978 Daphni,
403 2910 495 2978 piros;
515 2912 627 2976 carpent
644 2913 693 2963 tua
710 2927 790 2980 poma
807 2908 944 2975 nepotes.”
974 2921 999 2959 so

145 2983 243 3038 Omnia
260 2986 314 3039 fert
333 2992 416 3055 actas,
436 2987 556 3039 animum
575 3003 699 3056 quoque:
719 2992 868 3055 saepc'ego
886 2983 981 3050 longos

146 3060 288 3117 (tantando
306 3083 421 3134 puerum
440 3063 549 3118 nieurini
569 3081 612 3118 me
631 3063 749 3118 condere
765 3063 854 3117 solos:

147 3137 225 3192 Nunc
243 3139 329 3195 oblita
346 3142 411 3195 mihi
431 3145 474 3195 tot
493 3141 611 3195 carmina
626 3162 631 3204 ;
648 3157 700 3192 vox
717 3155 826 3208 quoquc
844 3133 960 3188 Moerim

148 3214 206 3268 Iam
224 3215 296 3283 fugit
314 3218 390 3283 ipsa3
408 3218 465 3286 lupi
484 3217 600 3270 Moerim
618 3216 712 3268 videre
730 3215 841 3284 priores.
