2234 3554
114 129 160 176 156
350 125 379 174 P.
399 123 554 172 VERGILI
573 124 741 172 MARONIS

112 203 175 258 Nou
192 206 268 260 licuit
285 204 398 260 thalami
415 205 559 272 expertem
577 204 635 256 sine
653 203 768 258 crimine
786 205 871 260 vitam
932 223 969 264 oto

113 282 228 350 Degere,
246 295 323 337 more
340 281 423 345 ferae,
441 279 504 334 talis
523 296 573 334 neo
593 283 709 348 tangere
726 285 819 336 curas!

112 357 139 412 N
140 375 175 412 ou
192 363 300 414 servata
316 358 393 424 fides,
412 356 498 410 cineri
515 357 652 425 promissa
670 358 803 428 Sychaeo!

112 434 213 488 Tantos
230 435 278 489 illa
295 451 343 489 suo
361 433 508 501 rumpebat
527 437 639 504 pectore
657 440 778 504 questus.

147 513 257 567 Aeneas
274 513 346 567 celsa
363 513 392 564 in
409 513 502 581 puppi,
522 513 575 564 iam
594 516 685 566 certus
703 512 794 581 eundi,

111 589 249 658 Darpebat
267 606 382 654 somnos,
401 589 483 642 rebus
501 588 558 642 iam
576 589 630 642 rite
648 589 757 658 paratis
931 607 968 646 oss

113 665 184 719 Huic
202 683 232 720 sc
248 667 336 719 formo
355 666 401 719 dei
419 665 497 718 voltu
518 665 660 719 redeuntis
678 666 775 719 eodem

111 741 219 795 Obtulit
237 743 391 810 insomnis,
409 757 559 810 rursusque
578 742 617 795 ita
635 742 694 796 visa
711 758 822 797 monere
839 746 890 810 eat,

112 817 210 871 Omnia
227 819 364 872 Mercurio
383 817 486 886 similis,
505 834 654 886 vocemque
673 819 846 888 coloremque

112 893 148 947 ut
165 895 246 948 crinis
263 895 347 950 flavos
366 900 394 950 et
412 895 535 949 membra
553 895 653 949 decora
669 896 793 950 iuventa:

111 969 184 1024 Nate
201 972 260 1040 dea,
278 976 358 1041 potes
375 973 427 1027 hoc
446 973 498 1026 sub
516 989 580 1026 casu
599 973 700 1025 ducere
717 987 833 1035 somnos,
929 987 966 1027 coo

111 1046 175 1112 Nec,
194 1065 264 1116 quae
281 1053 311 1103 te
328 1050 430 1104 circum
448 1053 523 1104 stent
540 1048 642 1102 deiude
659 1048 788 1116 pericula,
805 1049 901 1116 cernis,

111 1123 237 1194 Demens,
254 1143 305 1180 nec
323 1127 461 1197 Zephyros
479 1126 558 1180 audis
577 1127 682 1195 spirare
700 1125 850 1178 secundosl

111 1200 164 1254 llla
181 1202 258 1256 dolos
275 1202 422 1272 dirumque
440 1204 516 1256 nefas
533 1203 562 1256 in
580 1205 693 1271 pectore
705 1203 808 1267 ‘versat

110 1276 194 1332 Certa
210 1280 286 1347 mori,
305 1280 435 1348 varioque
452 1281 555 1332 irarum
574 1279 690 1333 fluctuat
708 1280 792 1332 aestu

110 1351 135 1404 N
136 1369 172 1407 on
183 1354 255 1422 iugis
266 1355 331 1409 hinc
342 1372 481 1424 praeceps,
494 1355 560 1408 dum
574 1355 755 1426 praecipitare
766 1355 905 1423 potestasl
928 1368 964 1408 sm

110 1428 170 1482 lam
187 1447 263 1484 mare
281 1431 387 1486 turbari
407 1431 539 1498 trabibus,
559 1447 708 1499 saevasque
726 1429 833 1484 videbis

110 1505 258 1562 Conlucere
275 1508 355 1575 faces,
374 1508 429 1560 iam
447 1509 554 1561 fervere
572 1507 655 1562 litora
672 1507 796 1575 flammis,

109 1581 139 1636 ai
156 1586 185 1637 te
202 1583 244 1638 his
262 1584 387 1652 attigerit
404 1584 487 1637 terris
507 1584 618 1638 Aurora
635 1586 794 1637 morantem.

110 1658 182 1713 Heia
199 1676 257 1728 age,
276 1677 373 1728 rumpe
391 1675 489 1714 mores.
527 1659 641 1713 Varium
660 1664 689 1714 et
706 1657 839 1713 mutabile
856 1674 964 1728 semper

109 1735 227 1790 Femina.
265 1737 310 1790 Sic
327 1737 401 1790 satus
418 1737 491 1790 nocti
510 1753 540 1790 se
558 1737 695 1790 inmiscuit
713 1741 797 1790 atrae.
926 1749 962 1788 oro

143 1812 212 1865 'lum
230 1829 294 1867 vcro
314 1815 431 1881 Aeneas,
450 1813 548 1868 subitis
570 1814 718 1866 exterritus
735 1811 848 1881 umbris,

109 1887 228 1958 Corripit
246 1906 261 1942 e
280 1906 373 1944 somno
391 1907 489 1960 corpus
508 1889 651 1959 sociosque
668 1889 781 1958 latigat3

112 1965 277 2034 Praecipites
294 1966 413 2035 vigilate,
432 1967 491 2033 viri,
510 1969 540 2020 et
559 1965 692 2020 considite
710 1963 838 2018 transtris
844 1984 852 2030 ;

108 2041 211 2095 Solvite
228 2043 289 2096 vola
305 2044 361 2097 citi.
397 2044 472 2097 Deus
491 2042 604 2097 aethere
623 2043 721 2095 missus
739 2041 774 2094 ab
791 2040 848 2094 alto

108 2116 251 2172 Festinare
268 2119 361 2188 fugam
379 2123 523 2188 tortosque
540 2117 663 2173 incidere
683 2117 755 2170 funis
927 2129 963 2169 ⁵7⁵

108 2192 178 2246 Ecce
195 2194 296 2248 iterum
314 2196 444 2250 stimulat.
482 2195 629 2264 Sequimur
647 2198 683 2260 te,
701 2196 794 2246 sancte
812 2192 934 2256 deomun,

108 2267 237 2336 Quisquis
255 2287 291 2336 es,
309 2271 470 2340 inperioque
488 2272 588 2324 iterum
606 2285 733 2337 paremus
750 2271 869 2322 ovantes

108 2343 193 2397 Adsis
211 2361 227 2398 0
245 2345 422 2414 placidusque
439 2347 522 2412 iuves,
542 2349 572 2398 et
590 2345 681 2397 sidera
699 2343 773 2396 caelo

108 2419 214 2473 Dextra
231 2420 311 2474 ieras.
348 2421 435 2488 Dixit,
455 2421 607 2488 vaginaque
626 2419 709 2486 eripit
726 2433 819 2471 ensem

108 2495 287 2562 Fulmineum,
307 2497 458 2565 strictoque
475 2495 542 2549 ferit
559 2494 712 2548 retinacula
728 2494 808 2547 ferro.
926 2506 963 2546 aaa

109 2570 187 2624 ldem
205 2572 293 2624 omnis
311 2572 390 2625 simul
408 2572 491 2625 ardor
509 2570 600 2639 habet,
620 2571 786 2640 rapiuntque
803 2569 942 2637 ruuntque
947 2589 955 2633 ;

108 2645 201 2700 Litora
219 2645 381 2713 deseruere;
398 2647 467 2702 latet
485 2647 536 2701 sub
554 2647 686 2701 classibus
703 2661 822 2717 aequor3

108 2721 212 2778 adnixi
228 2725 358 2790 torquent
377 2739 486 2793 spumas
505 2726 534 2778 ot
552 2724 661 2780 caerula
679 2725 801 2778 verrunt.

141 2798 178 2852 Et
195 2799 250 2852 iam
267 2799 355 2868 prima
372 2817 441 2854 novo
460 2799 607 2870 spargebat
624 2800 728 2855 lumine
744 2804 835 2854 terras

106 2873 217 2929 'Pithoni
235 2891 360 2930 croceum
378 2875 505 2945 linquens
525 2878 634 2931 Aurora
652 2877 749 2932 cubile.
925 2889 962 2929 sat

107 2951 214 3018 Regina
231 2967 247 3004 e
264 2952 381 3020 speculis
398 2955 430 3005 ut
447 2953 565 3021 primum
583 2953 723 3008 albescere
740 2953 829 3007 lucem

106 3026 187 3081 Vidit
204 3030 233 3081 et
251 3028 377 3097 aequatis
394 3027 508 3082 classem
526 3029 676 3098 procedere
695 3030 769 3097 velis,

107 3099 255 3171 Litoraque
273 3108 302 3158 et
319 3121 418 3160 vacuos
436 3105 522 3159 sensit
539 3105 599 3160 sine
616 3107 720 3175 remige
737 3107 841 3175 portus,

106 3177 214 3245 'larque
232 3183 385 3249 quaterque
402 3197 484 3234 manu
501 3185 597 3250 pectus
614 3199 742 3250 percussa
760 3181 888 3235 decorum
