2274 3554
417 145 598 194 AENEIDOS
616 146 685 194 LIB.
706 145 743 196 11.
960 147 1006 196 11³

156 228 206 281 Dis
224 228 305 282 aliter
323 228 424 292 visum;
442 230 560 295 pereunt
580 226 756 294 Hypanisque
774 227 929 296 Dymasque

156 303 262 357 Confixi
280 320 296 356 a
315 304 406 368 sociis;
424 317 473 356 nec
492 307 521 356 te
538 305 587 356 tua
604 302 729 370 plurima,
750 303 863 373 Panthu,

155 380 307 434 Labentem
325 380 413 449 pietas
431 395 481 432 nec
500 378 635 448 Apollinis
653 379 737 432 iufua
756 381 832 434 texit.
881 387 885 396 '
974 397 1010 438 rsa

155 456 232 510 lliaci
250 456 356 510 cineres
374 459 403 510 et
421 455 530 520 flamma
548 459 672 508 extrema
690 471 820 522 maran,

155 535 258 598 Testor,
276 534 304 585 in
323 547 420 586 occasu
437 537 529 584 vestro
547 548 597 586 uec
615 531 671 585 tela
689 549 738 586 nec
758 533 826 587 ullas

156 610 293 664 vitavisse
310 608 382 662 vices
401 607 533 673 Danaum,
552 611 589 674 et,
607 609 629 662 si
648 609 705 662 fata
722 603 845 678 fuissent,

155 685 194 739 Ut
212 685 345 748 caderem,
364 683 496 736 meruisse
514 699 602 736 manu.
640 683 800 737 Divellimur
818 686 890 753 inde,

155 762 264 830 Iphitus
282 765 311 815 et
330 761 419 814 Polias
437 777 551 826 mecum,
569 777 686 827 quorum
708 761 814 830 iphitus
832 780 899 816 acvo
969 779 1005 820 aa

154 839 214 892 Iam
232 839 347 905 gravina·
366 837 455 890 Pelias
473 840 502 888 et
520 836 629 888 voluero
648 837 745 890 tardus
765 839 855 904 Ulixi3

154 915 283 968 Protinus
300 914 337 968 ad
355 913 435 966 sedes
454 912 555 966 Priami
574 912 691 966 clamore
709 916 803 969 vocati.

154 992 208 1046 Hic
225 1008 289 1044 vero
307 992 446 1059 ingenium
464 999 591 1058 pugnam,
610 1006 660 1042 ceu
677 993 768 1044 cetera
786 1006 919 1059 nusquam

155 1069 233 1122 Bella
251 1068 347 1134 serent,
366 1067 432 1120 nulli
451 1069 510 1120 tota
527 1071 700 1118 morerentur
718 1067 745 1119 in
762 1067 838 1134 urbe,

117 1167 119 1172 ·
153 1145 197 1200 sic
206 1145 323 1198 Martem
333 1144 503 1209 indomitum,
513 1142 677 1210 Danaosque
686 1143 721 1195 ad
731 1147 804 1196 tecta
814 1146 918 1198 ruentis
969 1161 1006 1201 ssa

153 1223 294 1276 Cernimus
311 1221 506 1288 obsessumque
524 1223 586 1272 acta
603 1219 742 1272 testudine
761 1221 848 1274 limen.

154 1299 278 1352 Haerent
295 1297 446 1365 parietibus
465 1296 559 1360 scalae,
579 1299 719 1365 postisque
737 1297 788 1350 sub
805 1297 878 1366 ipsos

134 1372 287 1429 'nituntur
304 1374 442 1442 gradibus,
462 1371 619 1442 clipeosque
637 1373 673 1426 ad
691 1373 748 1428 tela
766 1374 882 1427 sinistris

154 1451 275 1506 Protecti
293 1451 431 1517 obiiciunt,
449 1454 580 1519 prensant
597 1449 707 1518 fastigia
724 1450 837 1504 dextris

154 1525 328 1582 Dardanidae
345 1531 441 1581 contra
459 1527 543 1580 turris
562 1543 593 1580 ac
611 1531 685 1581 tecta
703 1527 846 1582 domorum
969 1545 1006 1584 sa

103 1643 108 1650 ·
154 1606 279 1660 Culmina
296 1604 466 1668 convellunt;
483 1603 525 1657 his
543 1621 580 1670 se,
600 1603 709 1672 quaudo
727 1605 825 1658 ultima
841 1610 963 1672 cernunt,

154 1683 284 1736 Extrema
301 1683 355 1735 iam
373 1681 401 1734 in
419 1684 508 1734 morte
526 1685 624 1748 parant
641 1679 790 1736 defendere
808 1682 884 1746 telis;

154 1761 329 1827 Auratasque
347 1757 449 1824 trabes,
467 1761 591 1810 veterum
610 1757 709 1810 decora
727 1757 783 1812 alta
800 1763 952 1826 parentum,

153 1836 321 1900 Devolvuut3
340 1835 385 1888 alii
404 1832 506 1886 strictis
524 1831 698 1886 mucronibus
717 1833 785 1886 imas

153 1911 294 1966 Obsedero
312 1911 400 1973 fores3
417 1908 466 1961 has
485 1913 595 1962 servant
612 1909 719 1975 agmine
738 1909 827 1964 denso.
968 1927 1005 1968 iso

155 1987 304 2042 Instaurati
322 1984 413 2050 animi,
432 1984 505 2051 regis
523 1999 681 2037 succurrere
698 1986 786 2051 tectis,

155 2063 321 2128 Auxilioque
338 2061 429 2112 levare
448 2061 527 2122 viros,
547 2061 655 2126 vimque
675 2059 777 2114 addere
795 2063 879 2118 victis.

189 2139 286 2191 Limen
304 2139 364 2188 erat
383 2149 531 2200 caecaeque
549 2134 621 2186 fores
640 2136 669 2186 et
687 2137 795 2202 pervius
813 2154 878 2192 usus

154 2216 300 2269 'lectorum
317 2213 390 2266 inter
407 2227 437 2265 se
456 2210 565 2277 Priami,
582 2215 730 2280 postesque
748 2213 836 2268 relicti

156 2294 182 2344 A
200 2294 285 2358 terge,
303 2288 397 2342 infelix
416 2305 471 2363 qua
489 2305 525 2356 se,
545 2288 610 2342 dum
629 2305 714 2356 regna
731 2291 882 2363 manebant,
970 2310 1006 2352 aas

155 2367 269 2436 Saepius
289 2366 483 2420 Andromache
500 2366 574 2421 ferre
592 2367 751 2423 incomitata
769 2369 874 2425 solebat

156 2444 202 2498 Ad
220 2460 334 2510 soceros,
352 2447 381 2495 et
398 2459 448 2496 avo
466 2460 582 2512 puerum
602 2446 769 2514 Astyanacta
787 2448 921 2504 trahebat

152 2520 248 2574 *Evado
265 2521 301 2574 ad
320 2521 416 2574 summi
436 2520 546 2589 fastigia
564 2521 696 2590 culminis,
715 2524 788 2578 unde

156 2598 219 2652 Tela
237 2615 319 2652 manu
336 2599 429 2652 miseri
447 2597 586 2654 iactabant
604 2599 688 2655 inrita
701 2601 809 2656 Teucri.

154 2676 261 2730 Turrim
278 2677 306 2730 iu
324 2676 467 2746 praecipiti
486 2681 606 2731 stantem
625 2680 792 2748 summisque
810 2679 862 2734 sub
880 2682 955 2735 astra
971 2692 1007 2732 ssa

155 2752 289 2808 Eductam
307 2755 395 2821 tectis,
414 2755 488 2808 unde
506 2756 593 2808 omnis
612 2755 692 2810 Troia
709 2751 797 2810 videri

154 2829 190 2883 ilt
208 2831 332 2886 Danaum
351 2832 447 2886 solitae
464 2849 548 2887 naves
566 2835 596 2886 et
614 2834 719 2888 Achaia
737 2836 834 2897 castra,

156 2907 289 2976 adgressi
307 2909 380 2964 ferro
398 2910 507 2976 circum,
527 2927 582 2979 qua
600 2927 705 2964 summa
723 2907 840 2962 labantis

156 2984 300 3039 iuncturas
318 2987 442 3040 tabulata
461 2987 572 3053 dabant,
590 2985 766 3039 convellimus
785 2983 847 3036 altis

155 3061 280 3130 Sedibus,
298 3063 515 3130 inpulimusque;
533 3079 566 3115 ca
583 3061 659 3130 lapsa
677 3065 791 3128 repente
810 3061 915 3113 ruinam
972 3074 1010 3116 aas

156 3137 224 3190 Cum
243 3138 334 3191 sonitu
352 3138 438 3191 trahit
456 3143 485 3191 et
504 3139 628 3191 Danaum
646 3153 728 3204 super
746 3136 853 3203 agmina
871 3135 925 3190 lata

157 3213 264 3267 Incidit
300 3215 355 3267 Ast
371 3213 418 3268 alii
436 3213 561 3279 subeunt,
578 3230 628 3267 nec
647 3229 717 3274 saxa
735 3229 785 3264 nec
802 3211 887 3264 ullum
