2274 3554
441 163 625 212 Anunlnos
642 161 709 210 LIB.
729 161 767 210 II.
984 163 1030 210 108

177 243 364 313 Desertcsque
383 243 478 296 ridere
496 242 568 296 locos
587 243 707 311 litusque
724 242 857 296 relictum.

177 320 231 374 Hie
250 321 384 388 Dolopum
403 336 507 386 manus,
526 319 569 371 hic
588 335 683 372 saevus
701 317 835 373 tendebat
854 318 990 386 Achillem

177 397 316 450 Classibus
335 397 379 450 hic
396 397 486 460 locus;
506 395 550 448 hic
568 395 625 448 acie
643 399 750 449 certare
768 395 899 449 solebant.
1006 409 1030 450 ω

176 472 245 527 Pars
264 476 359 541 stupet
377 473 509 540 innuptae
529 471 630 526 donum
650 473 759 526 exitiale
779 473 918 525 Minervae

176 547 213 602 Et
231 549 330 602 molem
349 549 483 601 mirantur
501 549 580 616 equij.
599 548 758 616 primusque
776 548 938 616 Thymoetes

176 624 246 678 Duei
263 625 337 678 intra
354 641 447 678 muros
465 624 591 678 hortatur
609 629 638 678 et
655 642 717 678 arce
736 625 825 691 locari,

175 702 239 756 Sive
257 701 327 768 dole,
347 717 396 754 seu
414 701 467 754 iam
486 701 582 754 Troiae
601 703 639 754 sic
657 702 715 755 fata
732 701 865 755 serebant.

177 780 217 831 At
236 777 331 846 Capys,
350 781 379 830 et
397 794 513 846 quorum
531 778 628 830 melior
646 779 783 831 sententia
800 778 894 844 menti,
1004 794 1029 833 as

176 857 236 907 Aut
254 854 351 922 pelago
369 853 495 907 Danaum
514 853 627 906 insidias
647 859 827 922 suspectaque
846 853 917 907 dona

177 930 361 999 Praecipitare
378 929 482 997 iubent,
501 929 686 998 subiectisque
704 947 784 983 urere
802 930 922 997 flammis,

155 1037 157 1041 ν
175 1009 234 1060 Aut
251 1006 393 1062 terebrare
412 1023 491 1060 cavas
509 1007 581 1060 uteri
600 1011 629 1061 et
647 1011 785 1075 temptare
803 1007 927 1062 latebras

175 1083 314 1138 Scinditur
331 1085 466 1138 incertum
485 1084 577 1137 studia
594 1084 623 1136 in
641 1084 777 1136 contraria
796 1083 897 1150 volgus.

210 1159 316 1213 Primus
334 1160 372 1213 ibi
391 1164 456 1214 ante
474 1161 569 1226 omnis,
587 1177 686 1227 magna
704 1160 852 1212 comitante
870 1163 987 1226 caterva,
1004 1174 1029 1212 so

175 1235 297 1290 Laocoon
316 1237 416 1290 ardena
435 1253 541 1290 summa
559 1236 681 1290 decurrit
699 1235 734 1288 ab
751 1253 821 1304 arce,

175 1313 211 1364 Et
227 1313 335 1382 procul:
357 1313 380 1366 0
400 1315 499 1380 miseri,
519 1331 589 1382 quae
607 1317 686 1367 tanta
704 1313 815 1379 insania,
834 1312 922 1366 civesl

116 1439 118 1444 .
174 1388 293 1444 Creditis
312 1393 424 1452 avectos
441 1391 544 1444 hostisl
567 1394 615 1443 aut
632 1390 689 1443 ulla
706 1390 811 1458 putatis

174 1463 252 1518 Dona
269 1483 362 1520 carere
381 1466 451 1520 dolis
470 1467 612 1521 Danauml
634 1468 672 1520 sic
690 1471 771 1521 nctus
791 1467 904 1520 Ulixesl

173 1543 233 1595 Aut
252 1542 303 1596 boc
321 1543 417 1596 inclusi
436 1543 510 1612 ligno
528 1544 700 1597 occultantur
720 1543 825 1610 Achivi,
1003 1557 1028 1598 ss

175 1619 233 1672 Aut
250 1619 317 1672 haec
334 1620 362 1672 in
380 1624 488 1673 nostros
506 1619 641 1674 fabricata
659 1623 702 1674 est
720 1619 844 1673 machina
861 1634 953 1672 muros

174 1695 335 1764 Inspectura
354 1696 449 1749 domos
467 1701 636 1766 venturaque
654 1696 773 1765 desuper
791 1695 861 1761 urbi,

174 1773 233 1824 Aut
252 1771 350 1840 aliquis
368 1772 437 1826 latet
455 1789 549 1837 error;
569 1789 640 1841 equo
658 1789 693 1826 ne
711 1772 823 1839 credite,
843 1772 948 1825 Teucri.

174 1845 315 1915 Quidquid
333 1847 363 1900 id
381 1852 432 1914 est,
450 1848 534 1901 timeo
553 1848 662 1901 Danaos
680 1855 709 1901 et
727 1848 799 1901 dona
817 1849 937 1902 ferentis.

174 1923 218 1976 Sic
236 1924 309 1976 fatus
327 1923 425 1976 validis
442 1925 582 1990 ingentem
600 1924 704 1977 viribus
722 1925 829 1978 hastam
1003 1939 1027 1978 so

175 1998 209 2050 ln
226 1998 299 2050 latus
316 1999 400 2066 inque
418 1999 468 2051 leri
487 2015 596 2052 curvam
615 2000 781 2066 conpagibus
798 2000 888 2052 alvum

175 2073 321 2126 Contorsit.
358 2074 442 2127 Stetit
460 2074 507 2126 illa
524 2077 653 2140 tremens,
672 2079 808 2142 uteroque
826 2091 935 2128 recusso

176 2150 324 2202 Insonuere
343 2167 424 2203 cavae
442 2151 632 2218 gemitumque
651 2149 754 2204 dedere
773 2167 911 2204 cavernae.

175 2225 219 2291 Et,
238 2226 261 2278 si
279 2225 336 2280 fata
354 2226 444 2293 deum,
464 2227 486 2280 si
504 2244 581 2280 mens
599 2244 652 2280 non
670 2227 748 2280 laeva
766 2227 871 2294 fuisset,
930 2269 933 2278 .

175 2302 317 2371 Inpulerat
334 2303 409 2357 ferro
428 2303 571 2372 Argolicas
589 2304 700 2357 foedare
718 2303 847 2371 latebras,
1002 2321 1027 2360 aa

174 2379 315 2449 Troiaque,
334 2397 405 2434 nunc
423 2384 519 2450 stares,
539 2380 697 2448 Priamique
715 2397 764 2434 arx
783 2380 846 2449 alta,
864 2397 997 2437 maneres.

208 2457 285 2526 Ecce,
304 2475 400 2512 manus
418 2458 544 2512 iuvenem
562 2458 669 2511 interca
686 2461 748 2527 post
766 2461 846 2526 terga
862 2459 1014 2512 revinctum

174 2533 302 2589 Pastores
320 2552 419 2604 magno
437 2535 473 2588 ad
491 2553 585 2603 regem
604 2535 721 2589 clamore
740 2535 887 2589 trahebant

173 2610 357 2680 Dardanidae,
377 2612 425 2681 qui
443 2630 473 2666 se
491 2613 613 2680 ignotum
633 2613 806 2666 venientibus
824 2612 906 2679 ultro,

174 2687 234 2740 Hoc
246 2687 335 2756 ipsum
347 2692 379 2741 ut
392 2694 513 2743 strueret
527 2690 689 2758 Troiamque
702 2690 822 2758 aperiret
836 2688 956 2756 Achivis,
1003 2702 1027 2742 ce

174 2761 329 2831 Obtulerat,
348 2765 437 2819 fidens
455 2766 544 2833 animi,
562 2770 645 2833 atque
663 2766 692 2818 in
710 2769 859 2833 utrumque
876 2768 997 2833 paratus,

175 2839 229 2894 Seu
247 2857 356 2896 versare
374 2842 459 2910 dolos,
479 2861 526 2896 seu
545 2849 637 2896 certae
655 2842 815 2896 occumbere
833 2840 922 2892 morti.

175 2916 304 2986 Undique
321 2919 427 2973 visendi
446 2920 537 2973 studio
556 2920 671 2972 Troiana
689 2918 815 2971 iuventus

175 2992 344 3048 Circumfusa
362 2996 424 3061 ruit,
444 3000 606 3064 certantque
624 2994 748 3048 inludere
763 2997 851 3061 capto.

177 3070 280 3137 Accipe
297 3088 368 3124 nune
387 3072 511 3125 Danaum
530 3072 650 3139 insidias,
668 3073 697 3124 et
715 3070 827 3123 crimine
844 3068 879 3121 ab
896 3085 950 3122 uno
1002 3087 1027 3127 es

176 3144 258 3201 Disce
276 3148 370 3202 omnis.

178 3219 304 3290 Namque
322 3227 354 3278 ut
371 3229 517 3293 conspectu
536 3227 563 3279 iu
582 3225 673 3280 medio
692 3223 825 3288 turbatus,
842 3224 961 3289 inermis,
