2242 3550
437 142 624 194 BUGOLIGA.
653 145 729 193 lect.
748 143 802 192 111.
1033 147 1048 192 5

189 222 256 291 Nec,
275 223 298 276 si
317 223 477 277 muneribus
494 229 590 292 certes,
609 225 741 278 concedat
761 225 851 280 Iollas.

190 299 262 366 Heu,
282 299 342 366 heu,
362 299 430 366 quid
448 300 519 352 volui
538 302 640 354 misero
658 300 739 354 mihi!
760 301 872 356 floribus
890 304 1015 356 austrum

190 374 320 429 Perditus
339 379 368 429 et
387 375 499 444 liquidis
518 377 608 430 inmisi
627 377 748 432 fontibus
767 395 854 446 apros.

189 452 274 517 Quem
294 452 374 520 fugis,
394 453 436 518 ah,
456 453 587 506 demensi
607 453 767 506 habitarunt
786 453 814 506 di
833 471 942 522 quoque
961 454 1043 510 silvas

189 529 400 598 Dardaniusque
421 529 504 582 Paris.
544 530 641 596 Pallas,
661 547 729 598 quas
748 530 871 583 condidit
889 547 972 597 arces,
1025 547 1048 586 ol

190 606 255 673 ipsa
272 607 362 670 colet;
382 605 460 658 nobis
478 606 605 673 placeant
624 609 688 659 ante
707 608 796 660 omnia
815 607 904 660 silvae.

188 683 277 737 Torva
294 684 389 736 leaena
407 682 501 750 lupum
521 685 662 750 sequitur3
680 684 760 751 lupus
777 684 836 752 ipse
854 684 1002 752 capellam
1033 711 1037 720 ·

189 761 348 814 Florentem
366 760 481 828 cytisum
502 761 627 828 sequitur
645 760 745 814 lascive
763 761 881 828 capella;

188 837 226 891 'le
240 836 373 904 Corydon,
387 853 403 888 o
418 836 513 889 Alexi:
527 836 613 889 trahit
623 854 672 890 sua
686 855 823 906 quemque
836 837 971 904 voluptas.
1023 851 1049 890 os

189 913 298 981 Aspice,
317 917 410 966 aratra
427 913 491 980 iugo
510 915 635 966 referunt
653 930 784 981 suspensa
801 913 915 979 iuvenci,

189 990 225 1043 ut
244 991 283 1043 sol
303 989 450 1043 crescentis
469 989 606 1042 decedens
624 989 746 1058 duplicat
763 989 892 1044 umbras:

189 1067 235 1120 Me
253 1071 345 1120 tamen
364 1067 420 1120 urit
438 1085 531 1132 arnor3
550 1067 612 1135 quis
630 1067 701 1120 enim
719 1067 816 1120 modus
835 1066 907 1120 adsit
924 1066 1031 1121 amorii

191 1144 243 1206 Ah,
263 1143 397 1212 Corydon,
418 1144 551 1212 Corydon,
571 1161 641 1211 quae
660 1147 690 1196 te
708 1143 847 1196 dementia
864 1143 953 1209 cepit!

189 1220 362 1288 Semiputata
380 1220 431 1273 tibi
451 1220 579 1273 frondosa
598 1220 663 1273 vitis
680 1219 708 1272 in
726 1219 799 1272 ulmo
818 1223 866 1272 est.
1022 1233 1048 1274 το

189 1295 260 1360 Quin
278 1301 311 1349 tu
329 1296 433 1364 aliquid
452 1297 550 1349 saltem
568 1296 668 1364 potius,
686 1312 801 1364 quorum
819 1294 927 1362 indiget
945 1312 1018 1361 usus,

190 1371 346 1425 Viminibus
363 1372 492 1440 mollique
510 1389 591 1440 paras
610 1372 741 1425 detexere
758 1371 854 1426 iunool

190 1446 318 1502 Invenies
334 1447 426 1516 alium,
443 1448 466 1501 si
485 1451 515 1501 te
532 1448 576 1501 hic
594 1447 709 1515 fastidit,
728 1447 847 1502 Alexim.

474 1659 662 1716 ECLOGA
692 1658 753 1716 ΙΙΙ.

512 1775 723 1826 PALAEMON.

356 1900 510 1938 Mansuete.
536 1898 691 1937 DAMODTAS.
716 1898 875 1936 PALAEMON.

187 1993 229 2047 M.
248 1994 301 2048 Dio
319 1994 393 2060 mihi,
413 1994 554 2060 Damoeta,
572 1994 662 2048 cuium
681 1995 782 2061 pecusl
800 2010 834 2045 an
854 1993 1003 2048 Meliboei?

184 2069 221 2122 D.
241 2070 265 2122 N
269 2087 311 2137 on,
330 2087 423 2123 rerum
444 2071 585 2138 Aegonis;
602 2087 690 2136 nuper
708 2069 774 2120 mihi
792 2069 910 2122 tradidit
929 2071 1035 2136 Aegon.

183 2144 224 2197 M.
245 2146 343 2199 Infelix
362 2163 378 2199 o
397 2164 512 2216 semper,
531 2147 596 2212 ovis,
615 2144 713 2213 pecus!
732 2144 791 2212 ipso
810 2145 944 2198 Neaeram

184 2221 254 2274 Dum
273 2223 354 2288 fovet,
373 2239 411 2290 ac,
430 2239 466 2276 ne
483 2241 528 2275 me
546 2223 598 2276 sibi
616 2222 755 2290 praeferat
773 2221 825 2286 illa,
843 2225 961 2288 veretur,

183 2297 236 2351 Hic
254 2299 358 2352 alienus
378 2300 434 2352 ovis
453 2303 545 2353 custos
563 2299 605 2352 bis
624 2298 729 2364 mulget
746 2297 774 2349 in
793 2298 867 2364 hore,
1031 2310 1044 2347 5

183 2373 217 2427 llt
235 2393 315 2428 sucus
333 2377 425 2443 pecori
445 2380 474 2429 et
492 2377 534 2429 lac
553 2375 717 2430 subducitur
734 2376 816 2441 agnis.

182 2452 216 2505 D.
237 2452 348 2505 Parcius
366 2452 420 2505 ista
437 2452 503 2504 viris
521 2457 613 2506 tamen
634 2451 786 2504 obiicienda
803 2454 948 2504 memento

183 2529 206 2581 N
209 2530 319 2597 orimus,
338 2534 367 2582 et
386 2529 433 2597 qui
452 2533 489 2594 te,
509 2534 664 2582 transversa
684 2527 827 2581 tuentibus
846 2527 934 2593 hircis,

184 2605 217 2657 [lt
235 2605 374 2674 quo-sed
391 2606 483 2658 faciles
505 2606 647 2674 Nymphae
667 2603 896 2660 risere-sacello.

184 2681 221 2734 M.
242 2683 317 2749 Tum,
336 2683 426 2748 crede,
445 2699 506 2736 cum
524 2700 569 2735 mo
588 2683 729 2735 arbustum
749 2683 843 2735 videre
860 2678 975 2732 Miconis
1019 2693 1042 2729 ιο

183 2760 276 2827 Atque
294 2760 366 2812 mala
383 2759 448 2812 ritis
466 2759 586 2812 incidere
606 2759 676 2812 halec
696 2760 821 2813 novellas.

182 2835 217 2888 D.
237 2839 296 2888 Aut
314 2836 359 2888 hie
376 2837 412 2889 ad
430 2836 532 2888 veteris
551 2837 627 2904 fagos
645 2854 706 2890 cum
726 2833 880 2903 Daphnidis
897 2847 989 2884 arcum

182 2911 301 2980 ilregisti
320 2917 349 2966 ct
368 2914 500 2967 calamos:
522 2930 592 2980 quae
610 2917 649 2979 tu,
667 2929 796 2980 perverse
816 2907 947 2973 Menalca,

182 2984 225 3056 ht,
243 3007 304 3044 cum
322 2991 416 3043 vidisti
436 3006 521 3057 puero
541 2991 649 3056 donata,
669 2988 788 3051 dolebas,

182 3067 229 3128 ut,
247 3067 270 3120 si
289 3085 342 3120 non
362 3067 453 3134 aliqua
470 3066 615 3130 nocuisses,
633 3069 758 3116 mortuus
776 3079 857 3115 esses.
1016 3073 1041 3110 15

182 3143 223 3195 M.
243 3143 315 3208 Quid
335 3143 437 3195 domini
456 3141 564 3206 iaciant,
583 3141 686 3192 audent
704 3156 763 3191 cum
783 3138 849 3191 talia
866 3139 956 3190 iures!

183 3217 245 3272 Non
264 3235 315 3286 ego
332 3222 361 3271 te
379 3217 436 3270 vidi
456 3215 593 3281 Damonis,
611 3215 735 3282 pessime,
753 3231 866 3282 eaprnzn
