2274 3554
124 165 177 210 „132
368 159 398 209 P.
419 161 575 210 VERGILI
595 163 760 213 MARONIS

130 241 167 294 Et
184 240 300 294 multum
317 239 443 294 lacrimas
461 241 546 295 verba
562 243 636 296 inter
654 245 760 314 singula
777 247 875 302 fundit.

130 316 260 382 Procedo,
279 319 308 370 et
326 333 439 385 parvam
457 317 565 371 Troiam
584 319 764 392 simulataque
782 323 890 390 magnis

126 392 264 461 Pergama
282 397 311 447 et
329 397 452 447 arentem
471 393 575 448 Xanthi
594 399 753 462 cognomine
771 401 859 453 rivum
949 413 987 454 sao

130 470 284 538 Adgnosco,
304 470 459 538 Scaeaeque
478 471 628 540 amplector
645 473 738 528 limina
757 480 860 544 [rodae.

129 547 258 601 Necnon
277 551 306 600 ct
324 547 421 600 Teucri
440 548 511 600 socia
529 548 608 601 simul
626 549 695 603 urbe
713 553 848 606 fruuntur.

129 623 195 677 Illos
213 623 363 694 porticibus
381 641 431 676 rex
449 624 600 692 accipiebat
618 626 646 678 in
666 629 776 696 amplis;

129 701 212 754 Aulai
230 701 321 754 medio
339 699 463 753 libabant
481 701 578 768 pocula
596 701 704 770 Bacchi,

129 777 260 846 Inpositis
277 793 344 830 auro
362 775 485 844 dapibus,
505 781 669 847 paterasque
686 781 825 834 tenebant
948 793 984 834 aaa

164 854 278 923 lamque
296 853 356 906 dies
373 853 499 921 alterque
517 855 576 909 dies
594 858 733 924 processit,
753 861 781 910 et
798 872 881 910 aurae

128 930 199 984 Vela
217 934 314 984 vocant
331 929 494 999 tumidoque
512 931 624 987 inflatur
642 934 771 988 carbasus
788 936 895 988 austro:

130 1008 182 1060 His
200 1011 291 1061 vatem
309 1005 457 1074 adgredior
474 1008 556 1063 dictis
574 1027 605 1064 ae
623 1011 689 1065 talia
707 1028 818 1079 quaeso:

128 1083 287 1152 Troiugena,
305 1083 442 1152 interpres
461 1084 559 1155 divom,
578 1088 625 1156 qui
643 1089 754 1142 numina
773 1085 884 1155 Phoebi,

128 1160 180 1224 Qui
198 1159 328 1228 tripodas,
349 1159 433 1213 Clarii
451 1161 551 1231 laurus,
570 1165 617 1232 qui
636 1165 727 1219 sidera
744 1165 831 1218 sentis
947 1175 983 1216 aen

128 1237 165 1290 llt
182 1236 321 1290 voluerum
340 1237 445 1305 linguas
463 1243 492 1292 et
510 1243 649 1311 praepetis
667 1242 757 1295 omina
774 1257 887 1309 pennae,

128 1313 198 1367 Fare
210 1329 414 1383 age-namque
427 1333 535 1370 ornnem
548 1335 657 1371 cursum
667 1319 734 1372 mihi
743 1333 875 1386 prospera
883 1316 954 1370 dixit

128 1390 243 1458 Religio,
264 1395 293 1444 et
311 1392 401 1445 cuncti
420 1398 566 1447 suaserunt
584 1395 694 1448 numine
712 1394 767 1446 divi

127 1467 237 1520 ltaliam
255 1471 352 1536 petere
370 1473 399 1523 et
416 1473 505 1523 terras
523 1474 660 1539 temptare
678 1472 816 1538 repostas,

127 1543 307 1598 Seianorum
326 1546 458 1615 dictuque
476 1546 552 1599 nefas
572 1547 694 1614 Harpyia
713 1544 829 1599 Celaeno
848 1543 853 1560 '
947 1559 983 1598 aes

127 1619 287 1688 Prodigium
305 1623 386 1688 canit,
405 1627 434 1676 et
452 1622 540 1675 tristis
559 1622 703 1675 denuntiat
720 1621 783 1686 iras,

126 1695 335 1767 Obscenanrque
352 1698 558 1766 famem—qnae
576 1699 664 1765 prima
681 1696 802 1765 pericula
819 1697 893 1751 vitei

127 1771 234 1836 Quidve
252 1791 370 1842 sequens
388 1777 480 1828 tantos
498 1775 599 1843 possim
618 1789 748 1841 superare
766 1771 889 1824 laborcsi

127 1849 182 1903 Hic
202 1849 332 1916 Helenae,
352 1850 437 1902 caesis
455 1850 572 1917 primunr
592 1851 627 1902 de
645 1865 721 1902 inore
738 1846 866 1914 iuvencis,

126 1924 230 1980 Exorat
247 1942 342 1995 pacem
362 1926 460 1992 divom,
480 1925 619 1994 vittasque
636 1924 748 1978 resolvit
945 1933 982 1976 ato

127 2002 233 2058 Sacrati
251 2003 355 2072 capitis,
372 2019 471 2071 meque
491 2002 526 2055 ad
544 2005 593 2055 tua
609 2001 710 2067 limina,
731 1997 848 2066 Phoebe,

127 2079 192 2147 lpse
209 2097 291 2134 mann
310 2080 396 2134 marito
414 2095 575 2148 suspensum
593 2078 705 2131 numine
724 2077 807 2143 ducit,

126 2157 222 2224 Atque
240 2157 306 2210 haec
325 2156 426 2210 deinde
445 2157 518 2210 canit
536 2155 628 2209 divino
646 2172 681 2209 ex
699 2171 746 2208 ore
765 2152 905 2208 sacerdos:

161 2232 186 2286 N
189 2237 234 2287 ate
253 2233 410 2301 dea-nani
429 2237 458 2286 te
476 2232 625 2286 maioribus
643 2232 683 2285 ire
700 2248 751 2300 per
769 2230 855 2284 altum

126 2309 265 2377 Auspiciis
283 2309 428 2363 manifesta
446 2309 529 2363 fides:
550 2310 588 2362 sic
606 2309 663 2362 iata
681 2309 763 2361 deum
781 2323 831 2360 rex
947 2317 983 2358 aaa

126 2387 253 2453 Sortitur,
272 2387 410 2454 volvitque
428 2386 517 2451 vices,
534 2387 559 2439 is
578 2385 697 2438 vertitur
715 2383 818 2436 ordo-
905 2407 908 2414 ²

127 2463 216 2516 Pauca
234 2462 285 2516 tihi
303 2480 318 2516 e
336 2463 438 2528 multis,
458 2480 512 2531 quo
529 2463 616 2515 tutior
633 2461 741 2529 hospita
758 2459 861 2514 lustres

127 2541 256 2607 Aequora
274 2543 304 2593 et
324 2539 446 2593 Ausonio
464 2539 551 2606 possis
569 2537 711 2592 considere
729 2540 819 2606 portu,

127 2615 276 2684 Expediam
296 2615 392 2679 dietis;
413 2614 560 2684 prohibent
578 2631 640 2669 nam
659 2618 751 2669 cetera
770 2613 871 2666 Parcae

126 2691 201 2745 Scire
220 2691 357 2746 Helenum
375 2692 482 2760 farique
501 2696 578 2746 vetat
597 2691 725 2746 Saturnia
747 2691 821 2742 luno.
946 2699 983 2738 aaa

127 2767 264 2838 Principio
283 2769 401 2837 Italiam,
421 2785 503 2838 quam
523 2772 554 2821 tu
570 2768 625 2821 iam
645 2783 706 2820 rere
725 2765 905 2834 propinquam

127 2843 300 2914 Vicinosque,
318 2846 419 2914 ignare,
437 2861 518 2913 psras
536 2843 667 2897 invadere
686 2847 788 2911 portus,

127 2920 220 2990 Longa
238 2922 332 2990 procul
351 2922 438 2990 longis
457 2921 500 2974 via
519 2920 617 2973 dividit
635 2920 707 2972 invia
725 2919 814 2972 terris.

127 2997 201 3051 Ante
220 3001 249 3051 et
268 2997 406 3051 Trinacria
424 2997 570 3051 lentandus
589 3012 679 3049 remus
698 2996 726 3047 in
744 2993 825 3058 unda,

124 3073 163 3126 ,Er
181 3074 244 3127 salis
264 3075 377 3127 Ausonii
396 3073 567 3127 lustrandum
586 3071 699 3124 navibus
717 3083 821 3138 aequor
949 3078 985 3119 aee

127 3147 288 3218 Inferniqne
305 3151 379 3205 lacus
399 3152 564 3219 Aeaeaeque
582 3148 671 3201 instila
689 3149 792 3213 Circae,

127 3223 215 3288 Quam
233 3228 295 3280 tuta
313 3228 400 3294 poesis
418 3225 515 3280 urbenr
530 3241 687 3291 conponere
706 3227 788 3277 terra·
