2234 3554
361 131 544 180 AENEIDOS
561 132 630 179 LlB.
649 132 713 180 Vll.
915 133 958 182 :17

112 213 188 268 Haec
206 214 276 266 adeo
294 213 345 266 tibi
363 229 414 278 me,
435 211 541 279 placida
559 229 620 264 cum
638 217 719 265 nocte
736 213 845 280 iaceres,

112 289 176 357 Ipsa
193 289 283 358 palam
301 288 352 341 fari
370 288 540 356 omnipotens
559 287 687 341 Saturnia
703 288 789 342 iussit.

112 365 201 430 Quare
220 381 277 432 age,
296 369 325 418 et
343 364 442 417 armari
461 364 561 432 pubem
580 365 723 432 portisque
742 365 843 418 moueri

111 441 211 495 Laetus
228 441 257 494 in
274 457 351 494 arma
368 457 440 508 pare,
459 445 487 493 et
507 440 644 508 Phrygios,
664 441 709 509 qui
726 441 836 494 flumine
850 441 963 509 pulchro

111 517 273 583 Consedere,
293 515 377 569 duces
395 516 537 586 pietasque
556 533 640 569 exure
659 518 771 572 carinas.

112 593 265 647 Caelestum
283 593 324 646 vis
342 609 440 659 magna
457 592 541 646 iubet.
579 593 639 646 Rex
657 593 716 662 ipse
734 593 855 660 Latinus,

111 670 147 722 Ni
166 670 231 723 dere
250 669 403 736 coniugium
423 673 452 722 et
470 670 543 722 dicto
561 687 658 739 parere
676 671 786 738 latetur,

111 746 224 812 Sentiat,
243 750 272 799 ct
290 745 401 798 tandein
422 746 542 800 Turnum
561 747 719 815 experiatur
737 747 764 798 in
782 747 873 799 armis.

147 823 200 876 Hic
218 823 329 888 iuvenis,
349 827 439 876 vatem
459 824 587 890 inridens,
607 825 644 876 sic
662 840 724 876 orsa
741 823 858 876 vicissim
928 836 964 874 aaa

112 897 166 952 Ore
184 899 282 952 refert:
301 899 402 952 Classis
419 901 540 954 invectas
558 899 701 966 Thybridis
719 899 820 952 undam

111 973 180 1040 Non,
199 979 231 1027 ut
250 991 317 1040 rere,
336 991 411 1028 meas
429 976 524 1044 effugit
542 975 652 1028 nuntius
669 976 756 1038 auris;

111 1049 154 1102 Ne
171 1053 262 1103 tantos
280 1051 346 1102 mini
364 1051 436 1118 finge
454 1055 549 1104 metus.
587 1051 645 1103 Nec
662 1051 738 1117 regia
756 1051 826 1103 Iuno

113 1126 249 1180 Inmemor
268 1131 310 1180 est
328 1127 430 1190 nostri;

112 1201 168 1256 Sed
185 1206 214 1256 te
232 1203 302 1256 victa
321 1203 375 1255 situ
392 1203 504 1270 verique
521 1203 602 1256 effeta
620 1205 752 1269 senectus,
928 1213 965 1254 uc

113 1277 148 1330 Ο(
155 1283 250 1345 mater,
269 1279 341 1332 curis
360 1279 526 1346 nequiquam
545 1282 661 1345 exercet,
681 1283 709 1332 et
727 1295 803 1331 arma

114 1355 220 1422 Regum
238 1357 311 1408 inter
329 1355 397 1408 falsa
415 1359 505 1408 vatem
523 1354 667 1408 formidine
685 1354 763 1408 ludit.

114 1430 185 1484 Cura
202 1431 260 1498 tibi,
280 1431 369 1484 divom
390 1431 492 1498 effigies
510 1435 540 1485 et
558 1430 660 1498 templa
677 1430 757 1498 tueri,

115 1506 191 1560 Bella
208 1507 258 1560 viri
277 1523 427 1576 pacemque
444 1511 547 1575 gerant,
566 1507 627 1576 quis
645 1507 717 1560 bella
734 1508 861 1574 gerenda.

148 1583 256 1636 Talibus
276 1583 384 1636 Allecto
404 1583 484 1636 dictis
503 1584 606 1636 exarsit
623 1583 650 1635 in
667 1584 728 1636 iras.
929 1597 965 1635 aas

116 1660 154 1712 At
171 1659 260 1712 iuveni
280 1659 368 1712 oranti
387 1659 490 1713 subitus
508 1664 611 1712 tremor
629 1663 742 1728 occupat
760 1664 850 1725 aarum

114 1734 263 1802 Deriguere
283 1735 366 1789 oculi:
386 1739 428 1788 tut
448 1735 542 1802 Erinys
561 1737 652 1789 sibilat
670 1735 769 1803 hydria,

114 1811 253 1879 Tantaque
272 1827 301 1864 se
319 1811 400 1863 facies
418 1811 520 1878 aperit3
537 1814 596 1862 tum
614 1811 739 1864 flammea
756 1817 889 1878 torquens

114 1887 228 1939 Lumina
246 1889 418 1939 cunctantem
437 1889 466 1937 ct
484 1891 660 1954 quaerentem
678 1887 768 1939 dicere
786 1887 865 1954 plura

9 2009 10 2018 ,
115 1962 252 2029 Rppulit,
274 1965 303 2013 et
321 1961 444 2027 geminos
463 1963 551 2014 erexit
569 1962 688 2014 crinibus
706 1963 808 2029 anguis,
929 1977 966 2015 asc

9 2031 10 2042 ¹
116 2037 294 2104 verberaque
312 2036 438 2102 insonuit,
456 2036 606 2102 rabidoque
624 2037 690 2090 haec
708 2037 814 2090 addidit
832 2054 891 2090 ore:

116 2113 155 2165 En
174 2130 225 2180 ego
244 2112 315 2164 vieta
333 2111 395 2178 situ,
413 2127 494 2179 quam
513 2112 570 2164 veri
589 2112 670 2165 effeta
688 2116 812 2166 senectus

116 2194 202 2244 Arma
219 2190 292 2241 inter
310 2203 406 2254 regum
424 2187 492 2240 falsa
509 2187 653 2240 formidine
671 2187 755 2252 ludit;

114 2266 231 2334 Respice
249 2264 285 2317 ad
303 2263 382 2317 haee:
400 2264 496 2318 adsum
514 2264 635 2316 dirarum
653 2264 688 2316 ab
706 2262 771 2316 sede
789 2279 925 2328 sororum

115 2343 194 2396 Bella
211 2358 293 2394 manu
311 2341 452 2410 letumque
469 2358 542 2408 gero.
931 2355 966 2394 cce

115 2420 160 2472 Sic
178 2417 258 2471 effata
275 2417 362 2471 facem
380 2418 470 2470 iuveni
489 2418 610 2484 coniecit,
630 2423 658 2470 et
676 2420 735 2470 atro

8 2561 9 2564 Ἴ
115 2495 229 2548 Lumine
247 2494 377 2546 firmantis
395 2494 457 2547 fixit
475 2493 525 2546 sub
543 2497 654 2562 pectere
672 2493 774 2548 taedas.

115 2571 169 2624 Olli
188 2587 309 2623 somnum
328 2570 423 2638 ingens
442 2571 545 2639 rumpit
562 2586 653 2638 pavor,
672 2586 787 2637 ossaque
804 2573 833 2624 ct
850 2573 927 2624 artus

115 2646 242 2700 Perfudit
259 2650 318 2700 toto
336 2651 484 2715 proruptus
502 2663 614 2715 corpere
634 2647 722 2700 sudor.

115 2724 203 2776 Arma
220 2739 313 2776 amens
330 2723 428 2789 fremit,
447 2739 521 2776 arma
538 2726 599 2775 toro
617 2723 752 2790 tectisque
769 2723 901 2790 requirit;
930 2737 964 2776 aa

114 2799 207 2854 Saevit
226 2815 302 2851 amor
319 2798 384 2851 ferri
402 2804 430 2852 et
448 2799 580 2852 scelerata
598 2799 703 2852 insania
720 2798 792 2864 belli,

115 2875 164 2929 Ira
182 2891 278 2943 super:
297 2891 394 2942 magno
413 2875 496 2928 veluti
515 2891 576 2928 erun
594 2875 703 2928 flamma
720 2891 816 2928 sonore

114 2951 218 3018 Virgea
236 2951 392 3018 suggeritur
410 2953 491 3004 costis
509 2950 638 3004 undantis
656 2951 723 3018 aeni,

115 3027 315 3094 Exsultantquc
333 3030 410 3080 aestu
429 3027 539 3091 latices;
556 3027 624 3080 furit
642 3027 716 3081 intus
734 3026 813 3096 aquai

114 3102 248 3157 Fumidus
265 3106 349 3172 atque
367 3103 422 3156 alte
441 3104 543 3172 spumis
561 3103 694 3159 exuberat
712 3105 812 3169 amnis;
930 3119 966 3160 aas

113 3180 140 3234 N
142 3197 173 3234 ec
189 3180 243 3234 iam
261 3195 291 3234 se
309 3180 381 3248 capit
398 3179 487 3242 unda;
504 3179 577 3233 volat
595 3197 679 3248 vapor
696 3185 756 3235 ater
774 3181 810 3234 ad
827 3197 912 3236 auras
