2234 3554
386 139 570 187 AENEIDOS
587 139 655 188 LIB.
674 140 724 187 IX.
937 143 984 193 247

133 217 274 289 [Vert'tur
291 237 368 273 arma
384 224 490 287 tenens,
509 223 538 274 et
555 224 614 274 toto
632 222 734 274 vertice
752 238 835 290 supra
853 222 917 292 est}¹

135 296 193 350 Gen
211 301 317 364 septem
335 313 450 363 surgens
468 297 572 349 sedatis
590 297 714 350 amnibus
732 298 804 350 altus
960 315 987 354 so

135 372 190 425 Per
206 373 321 425 tacitum
340 373 456 440 Ganges,
475 376 523 425 aut
540 373 634 441 pingui
653 373 763 426 flumine
783 373 863 426 Nilus

135 449 204 502 Cum
222 448 315 501 refluit
332 449 434 517 campis
452 453 481 502 et
498 449 551 502 iam
570 466 600 502 se
618 450 740 503 condidit
758 450 842 504 alveo.

135 524 190 578 Hie
209 524 328 578 subitam
346 525 424 592 nigro
441 525 587 592 glomerari
605 526 718 594 pulvere
735 525 836 579 nubem

135 601 308 670 Prospiciunt
326 601 431 668 Teucri,
450 618 481 654 ac
498 602 629 655 tenebras
645 602 787 670 insurgere
805 603 915 671 campis

135 677 244 731 Primus
262 678 297 732 ab
315 677 430 731 adversa
447 679 597 732 conclamat
615 679 687 732 mole
705 679 815 732 Caicus:
961 695 986 734 as

135 755 202 818 Quis
220 755 325 823 globus,
345 772 360 807 o
379 755 458 821 cives,
476 755 591 822 caligine
609 754 729 808 volvitur
746 759 822 809 atra!

135 832 218 886 Ferte
236 831 285 885 citi
303 832 415 899 ferrum,
434 831 499 885 date
516 831 578 896 tela
596 831 736 885 ascendite
755 848 856 886 muros.

136 909 233 962 Hostis
251 908 338 974 adest,
356 908 432 962 heia!
454 907 565 976 Ingenti
583 907 700 960 clamore
719 925 769 976 per
786 907 874 961 omnis

135 985 264 1038 Condunt
283 1002 313 1038 se
331 985 427 1038 Teucri
446 988 547 1053 portas,
566 987 596 1037 et
613 985 721 1037 moenia
738 985 873 1053 conplent.

134 1061 262 1130 Namque
280 1061 319 1114 ita
338 1061 481 1114 discedens
499 1062 679 1128 praeceperat
697 1063 825 1128 optumus
842 1062 926 1114 arima
961 1076 986 1114 ao

136 1141 257 1191 Aeneas:
276 1138 299 1190 si
318 1155 373 1206 qua
391 1138 498 1191 interea
514 1137 625 1188 fortuna
643 1135 748 1202 fuisset,

136 1214 198 1267 Neu
216 1220 324 1268 struere
342 1214 477 1267 auderent
495 1213 588 1277 aciem,
600 1229 662 1273 ¹neu
680 1212 793 1265 credere
810 1229 920 1282 eamp0;

135 1291 231 1344 Castra
249 1291 330 1344 modo
349 1295 377 1344 et
395 1293 471 1344 tutos
490 1292 632 1342 servarent
650 1304 752 1354 aggere
769 1305 869 1343 muros.

136 1369 216 1436 Ergo,
236 1367 288 1421 etsi
306 1367 430 1421 conferre
448 1383 559 1419 manum
576 1365 666 1432 pudor
683 1364 779 1431 iraque
795 1370 937 1434 monstrat,

135 1443 276 1498 Obiieiuut
293 1447 387 1513 portas
404 1447 497 1496 tamen
516 1446 545 1495 et
562 1445 709 1510 praecepta
726 1441 871 1509 facessunt,
961 1457 986 1494 se

136 1523 300 1588 Armatique
319 1521 391 1574 cavis
409 1522 570 1588 exspectant
587 1517 710 1571 turribus
727 1517 843 1572 hostem.

101 1592 106 1602 '
134 1599 247 1665 'sumus
266 1601 298 1651 ut
315 1600 379 1650 aute
397 1597 490 1649 volans
507 1595 616 1648 tardum
634 1597 821 1662 praecesserat
837 1610 944 1661 agmen

136 1675 243 1742 Viginti
262 1674 340 1728 lectis
359 1673 482 1740 equitum
501 1672 647 1724 comitatus
666 1673 694 1722 et
711 1669 774 1722 urbi

136 1751 295 1820 Inprovisus
313 1750 407 1814 adest3
425 1749 537 1801 maculis
556 1763 637 1814 quem
656 1745 786 1798 'l'hracius
803 1744 874 1799 albis

135 1827 233 1879 Portat
252 1841 346 1893 equus,
365 1824 504 1890 cristaque
522 1822 593 1888 tegit
611 1821 689 1888 galea
707 1837 789 1872 aurea
806 1820 896 1874 rubra
962 1838 987 1875 so

137 1902 237 1970 Ecquis
252 1902 314 1961 erit,
329 1915 443 1963 mecum,
458 1899 578 1961 iuvenes,
594 1895 641 1963 qui
659 1895 763 1962 primus
778 1895 805 1946 in
818 1895 959 1949 lrostem-·
976 1899 986 1951 t

136 1979 184 2042 En,
204 1977 250 2030 ait.
287 1976 323 2028 Et
341 1973 459 2026 iaculum
477 1975 639 2038 attorquens
657 1969 760 2021 emittit
778 1970 805 2021 in
823 1987 909 2036 auras,

136 2053 303 2120 Principium
320 2064 436 2118 pugnae,
456 2052 484 2100 et
502 2062 597 2112 campo
615 2061 676 2097 sese
693 2044 796 2096 arduus
814 2044 904 2098 infert.

136 2129 263 2182 Clamore
281 2121 421 2193 excipiunt
439 2123 511 2188 socii,
528 2121 695 2186 fremituque
713 2122 867 2186 sequuntur

138 2206 307 2267 Horrisono;
326 2201 461 2254 Teucrum
479 2198 614 2250 mirantur
631 2195 732 2248 inertia
749 2194 845 2249 corda:
963 2214 987 2252 55

137 2283 162 2335 N
164 2299 199 2334 on
218 2296 305 2348 aequo
324 2277 390 2330 dare
408 2291 437 2328 se
455 2289 558 2342 campo,
575 2289 628 2324 non
647 2271 727 2324 obvia
744 2271 818 2324 serre

138 2361 224 2412 Arma
235 2357 316 2423 viros,
329 2353 379 2407 sed
390 2355 480 2405 castra
491 2351 589 2402 fovere.
619 2348 681 2401 Huc
693 2346 821 2400 turbidus
835 2351 919 2416 atque
933 2348 987 2402 huc

136 2437 250 2488 Lustrat
268 2449 339 2501 eque
356 2445 456 2497 muros,
475 2426 637 2492 aditumque
654 2441 705 2493 per
721 2423 781 2476 avia
800 2425 917 2491 quaerit.

140 2515 179 2565 Ac
197 2509 282 2563 veluti
299 2508 380 2577 pleno
398 2505 479 2574 lupus
496 2501 642 2555 insidiatus
660 2500 723 2553 ovili

136 2589 205 2642 Cum
223 2585 317 2639 fremit
335 2583 371 2636 ad
389 2581 602 2647 caulas-ventos
620 2593 767 2646 perpessus
785 2579 815 2630 et
834 2576 937 2643 imbris,
963 2591 989 2629 eo

137 2665 160 2717 N
163 2669 223 2717 octe
241 2677 324 2729 super
341 2659 446 2722 media;
464 2656 519 2709 tuti
537 2654 589 2708 sub
606 2653 741 2707 matribus
759 2655 821 2720 agni

137 2741 263 2793 Baletum
282 2737 426 2798 exercent;
443 2733 489 2786 ille
507 2749 587 2800 asper
606 2734 634 2784 et
651 2729 782 2798 inprobus
800 2729 840 2781 ira

136 2816 228 2870 Saevit
245 2814 274 2866 in
292 2810 429 2875 absentis;
447 2810 560 2862 collecta
577 2808 676 2875 fatigat
694 2806 795 2859 edendi

138 2894 180 2960 Ex
198 2892 279 2958 longo
298 2888 395 2952 rabies,
414 2890 443 2940 et
461 2886 547 2938 siccae
565 2885 695 2952 sanguine
712 2884 818 2936 fauces:

140 2968 226 3022 Haud
244 2967 324 3019 aliter
343 2963 445 3017 Rutulo
463 2977 556 3014 muros
574 2964 603 3014 et
620 2965 710 3014 castra
727 2957 818 3012 tuenti
965 2971 991 3022 es
1096 2987 1099 2994 -

137 3045 287 3113 ignescunt
305 3041 377 3104 irao;
397 3038 473 3090 duris
491 3038 568 3090 dolor
585 3037 693 3090 ossibus
710 3037 799 3101 ardet,

136 3124 197 3187 Qua
215 3121 333 3186 temptet
350 3116 457 3169 ratione
474 3114 574 3180 aditus,
593 3118 622 3167 et
640 3129 710 3182 quae
728 3113 772 3165 via
790 3111 896 3164 clausos

136 3197 268 3253 Excutiat
286 3193 405 3247 Teucros
422 3190 493 3244 vallo
511 3193 596 3258 atque
614 3189 738 3243 effundat
755 3189 782 3242 in
801 3199 929 3256 acquum.
