2242 3550
375 123 580 172 GEORGICON
604 123 673 173 LIB.
697 123 734 172 II.
964 128 995 174 45

130 207 210 259 Ante
229 205 316 267 locum
335 205 451 258 similem
470 204 625 271 exquirunt,
644 204 692 258 ubi
709 205 798 275 primu
815 210 928 276 paretur

131 281 289 335 Arboribus
308 297 394 348 seges,
413 289 515 349 etque
534 297 596 334 mox
615 280 724 348 digesta
741 282 853 350 feretur,

132 357 272 411 blututem
291 358 420 424 ignorent
438 357 529 410 subito
549 374 584 410 ne
602 359 706 411 semina
724 363 848 414 matrem.

133 433 207 497 Quin
226 435 309 486 etiam
328 434 395 486 caeli
414 434 551 499 regionem
571 434 597 486 in
618 434 720 487 cortice
738 435 854 503 signant,

132 511 182 576 Ut,
202 527 255 579 quo
274 527 400 580 quaeque
419 510 499 562 modo
518 511 636 576 steterit,
657 527 711 577 que
728 515 808 578 perte
826 513 930 568 calores
957 529 993 568 270

133 588 282 641 Austrinos
302 587 406 652 tulerit,
425 603 495 654 quae
514 592 593 653 terge
611 586 763 640 obverterit
780 589 834 655 axi,

134 664 312 718 Restituent:
332 663 401 717 adeo
419 663 448 715 in
467 665 570 717 teneris
588 679 766 718 consuescere
784 665 900 718 multum
921 671 969 719 cst.

133 740 258 794 Collibus
276 757 310 792 an
330 740 410 809 plano
429 740 525 792 melius
544 741 580 793 sit
599 755 700 808 ponere
719 740 810 808 vitem,

134 817 243 880 Quaere
262 817 344 885 prius.
381 817 409 870 Si
428 816 536 884 pinguis
554 833 634 884 agros
652 816 792 871 metabere
810 817 904 886 campi,

135 894 228 947 Densa
237 911 313 957 sere;
329 894 355 946 in
368 893 452 946 denso
463 910 517 946 nou
530 894 639 960 segnior
651 892 735 947 ubere
750 894 885 960 Bacchus;
957 906 993 946 275

134 971 184 1023 Sin
202 970 314 1022 tumulis
333 969 437 1022 adclive
456 969 542 1022 solum
560 969 690 1037 collisque
710 970 828 1038 supinos,

138 1046 254 1114 indulge
272 1045 421 1112 ordinibus,
439 1061 489 1098 uec
507 1045 593 1098 setius
611 1045 698 1098 omnis
716 1045 743 1098 in
761 1062 881 1113 unguem

136 1122 291 1176 Arboribus
309 1121 405 1190 positis
424 1125 499 1174 secto
517 1121 562 1174 via
579 1121 666 1174 limite
684 1121 810 1189 quadret.

136 1198 176 1251 Ut
196 1215 276 1266 saepe
294 1198 399 1266 ingenti
418 1197 489 1251 bello
508 1214 569 1250 cum
587 1197 668 1264 leuga
685 1197 811 1251 cohortes

135 1274 273 1342 Explicuit
291 1275 368 1342 legio,
387 1281 416 1328 et
434 1291 529 1342 canipe
548 1273 627 1327 stetit
645 1290 742 1341 agmen
761 1280 865 1343 aperto,
958 1283 992 1322 Μ

134 1351 318 1419 Directaeque
336 1351 414 1417 ecies,
432 1367 463 1403 ac
482 1350 538 1404 late
556 1351 671 1404 fluctuat
689 1351 776 1404 omnis

135 1429 212 1480 Aere
230 1426 367 1480 renidenti
388 1426 476 1494 tellus,
494 1425 612 1480 necdum
630 1426 741 1480 horrida
759 1428 875 1482 miscent

136 1502 251 1570 Proelia,
269 1503 318 1556 sed
336 1502 434 1556 dubius
454 1503 550 1556 mediis
570 1503 644 1556 Mars
663 1507 738 1556 errat
755 1503 784 1556 in
802 1505 903 1571 armis;

135 1579 235 1632 Omnia
253 1579 308 1632 sint
326 1579 438 1647 paribus
458 1579 577 1632 numeris
596 1579 720 1633 dimensa
737 1580 857 1646 viarum;

135 1655 162 1708 N
164 1672 199 1708 on
216 1656 336 1709 aninmm
355 1657 435 1709 ruodo
454 1657 494 1709 uti
513 1659 607 1724 pascat
624 1661 785 1725 prospectus
803 1657 918 1724 inanem,
954 1673 991 1712 ass

135 1731 192 1785 Sed
210 1733 345 1800 quianon
365 1733 446 1786 aliter
463 1733 528 1786 viris
546 1732 625 1786 dubit
642 1732 767 1786 omnibus
786 1749 887 1802 aeques

135 1807 228 1876 Terre,
246 1826 335 1877 neque
353 1809 379 1861 in
399 1825 512 1866 vacuum
530 1813 660 1877 poterunt
678 1826 707 1864 se
726 1811 878 1864 extendere
896 1810 972 1865 remi.

173 1884 298 1938 Forsitan
317 1891 346 1940 et
364 1885 504 1939 scrobibus
522 1903 592 1952 quac
611 1887 667 1939 sint
685 1887 794 1954 fastigia
812 1903 935 1956 quaeres.

136 1961 236 2014 Ausim
253 1963 296 2015 vel
314 1963 392 2016 tenui
410 1962 493 2015 vitem
512 1964 683 2016 committere
702 1963 783 2016 sulco.

136 2037 229 2091 Altior
246 2055 277 2092 ac
295 2041 404 2108 penitus
423 2043 513 2093 torrae
532 2040 663 2106 defigitur
681 2039 770 2106 urbes,
956 2057 992 2096 ase

137 2115 271 2168 Aesculus
290 2116 316 2168 in
332 2115 434 2184 primis,
454 2133 532 2184 quae,
551 2121 683 2184 quantum
702 2116 804 2169 vertice
821 2117 858 2170 ad
875 2134 955 2171 auras

137 2190 292 2259 Aetherias,
310 2196 417 2246 tuntum
436 2193 528 2246 radice
546 2193 574 2244 in
594 2192 707 2245 'l‘artare
725 2191 823 2246 tendit.

137 2267 280 2334 lingonen
299 2269 402 2322 hiemes
421 2269 503 2334 illam,
521 2285 575 2322 non
594 2269 686 2334 flabra,
705 2285 795 2336 neque
813 2269 915 2324 imbres

137 2343 314 2409 Convellu11t;
332 2345 436 2398 inmoto
453 2349 554 2410 menet,
573 2345 729 2414 multosque
748 2351 869 2415 nepotes,

137 2419 227 2472 Multa
244 2421 332 2474 virum
351 2422 461 2475 volvens
479 2423 604 2476 durando
623 2423 730 2476 saecula
748 2423 847 2488 vincit3
957 2440 992 2478 ees

136 2495 207 2548 Tum
225 2497 303 2550 fortis
320 2499 377 2551 lete
396 2515 485 2551 ramos
504 2504 533 2552 et
552 2499 679 2554 bracchia
696 2499 814 2554 tendens

137 2572 201 2626 Huc
219 2573 290 2640 illuc,
308 2575 400 2628 media
419 2575 477 2644 ipsa
494 2575 634 2643 ingentem
654 2577 771 2630 sustinet
789 2577 921 2630 umbram.

172 2650 250 2704 Neve
268 2651 318 2704 tibi
336 2653 372 2705 ad
391 2653 474 2706 solem
493 2659 609 2720 vergant
627 2654 719 2708 sinete
736 2655 895 2718 cadentern;

136 2728 214 2781 Neve
232 2727 305 2781 inter
324 2729 386 2782 vitis
404 2729 522 2797 corylum
542 2746 618 2795 scrc;
637 2746 705 2783 neve
723 2730 830 2797 flagella

137 2806 249 2856 Summe
258 2808 329 2872 pete,
340 2809 389 2858 aut
400 2823 505 2859 summa
515 2806 639 2874 defringe
649 2823 683 2859 ex
693 2806 790 2858 arbore
800 2806 907 2874 plantas
916 2825 923 2868 ;
954 2818 991 2856 300

136 2880 241 2932 'lentus
259 2897 334 2933 emor
352 2886 459 2946 terrae3
477 2899 531 2935 neu
550 2883 622 2934 ferro
641 2882 719 2934 laedc
738 2887 849 2935 retunso

137 2957 262 3022 Semine5
280 2974 349 3011 neve
367 2959 442 3011 oleae
462 2959 595 3012 silvestris
613 2959 703 3011 insere
721 2961 845 3010 truncos:

136 3032 209 3086 Nam
228 3050 309 3102 saepe
327 3035 444 3088 incautis
462 3035 618 3103 pastoribus
637 3033 740 3090 excidit
758 3033 835 3100 ignis,

137 3109 199 3177 Qui,
217 3110 312 3164 furtim
330 3112 425 3180 pingui
443 3112 560 3179 primum
580 3110 630 3162 sub
648 3110 749 3163 cortice
766 3113 863 3176 tectus,

137 3185 249 3240 Robora
266 3187 435 3255 conprendit,
456 3187 619 3240 frondesco
638 3185 745 3253 elapsus
762 3185 791 3239 in
809 3185 879 3240 altas
956 3198 992 3238 sos
