2232 3556
380 149 563 200 AENFIDOS
580 151 648 202 LIB.
668 151 733 204 XII.
932 163 977 212 331

130 229 167 284 Et
184 231 262 284 iuriis
280 231 399 297 agitatus
417 247 492 284 amor
510 235 540 285 et
556 233 665 287 conscia
681 235 776 290 virtus.

129 305 170 359 Ut
188 306 305 374 primum
324 305 461 359 discussae
478 307 591 361 umbrae
609 313 638 362 et
655 310 702 363 lux
719 312 831 367 reddita
847 316 940 384 menti,

130 381 264 434 Ardentis
282 382 419 434 oculorum
438 381 512 436 orbis
530 385 566 437 ad
583 386 691 440 moenia
707 390 789 442 torsit
944 407 981 449 evo

129 457 274 524 Turbidus,
294 474 364 526 eque
382 458 449 512 rotis
467 476 593 528 magnam
611 464 733 532 respexit
750 465 786 518 ad
803 465 905 520 urbem

128 534 199 589 Ecce
217 538 317 600 autem,
336 534 450 588 flammis
468 537 542 591 inter
558 539 682 594 tabulata
699 541 807 595 volutus

129 610 176 664 Ad
194 611 298 664 caelum
316 611 439 666 undabat
457 619 553 668 vertex
570 617 725 686 turrimque
742 618 864 686 tenebat,

127 685 243 754 Turrim,
262 689 409 758 compactis
426 690 552 746 trabibus
570 711 653 761 quam
671 694 805 750 eduxerat
822 695 882 764 ipse

31 786 39 820 a
127 762 350 835 Subdideratque
368 769 442 820 rotas
459 769 606 839 pontisque
623 771 787 825 instraverat
804 771 881 826 altos

128 838 188 893 Iam
204 840 260 895 iam
277 841 343 910 fata,
362 859 438 896 soror
456 850 601 914 supereum
619 847 722 902 absiste
739 847 854 913 morari;

22 943 35 981 ,v
127 914 186 978 Quo
204 917 272 972 deus
290 923 320 974 et
337 937 391 989 quo
410 921 480 974 dura
497 937 578 978 vocat
596 922 726 990 Fortuna,
744 939 897 992 sequamur.

126 990 188 1046 Stat
200 995 322 1049 conferre
334 1013 444 1050 manum
458 999 577 1066 Aeneae,
590 1001 653 1066 stat,
666 999 802 1068 quidquid
816 999 909 1053 acerbi
927 1005 973 1052 est.

125 1066 217 1123 Morte
233 1071 307 1138 pati;
325 1089 414 1141 neque
432 1090 476 1126 me
494 1075 658 1141 indecorem,
675 1091 812 1142 germane,
830 1073 936 1128 videbis

28 1173 31 1193 =
125 1145 258 1213 Amplius.
296 1148 385 1214 Hunc,
398 1164 452 1214 oro,
466 1149 523 1201 sine
535 1165 580 1202 me
591 1149 685 1202 furere
695 1153 760 1204 ante
772 1151 899 1204 furorem.
941 1165 972 1202 aar

124 1219 210 1289 Dixit,
230 1226 260 1275 et
278 1241 293 1276 e
310 1239 393 1276 curru
411 1225 510 1278 saltum
529 1225 607 1280 dedit
625 1227 699 1280 ocius
716 1227 796 1293 arvis,

124 1295 233 1365 Perque
249 1300 344 1367 hostis,
361 1317 411 1368 per
429 1301 485 1353 tela
502 1302 566 1367 ruit,
584 1306 771 1370 maestamque
788 1318 909 1358 somrem

123 1371 243 1439 Deserit,
262 1391 293 1427 ac
311 1376 406 1443 rapido
425 1393 506 1429 cursu
523 1377 615 1430 media
632 1379 741 1446 agmina
757 1378 867 1446 rumpit

125 1449 168 1500 Ac
185 1449 270 1503 veluti
288 1451 387 1504 montis
406 1469 502 1506 saxum
520 1453 555 1507 de
573 1455 675 1508 vertice
692 1470 823 1522 praeceps

22 1553 34 1591 „1
124 1522 193 1576 Oum
211 1525 274 1593 ruit,
292 1527 414 1582 avolsum
432 1532 521 1598 vento,
540 1547 588 1584 seu
606 1529 734 1584 turbidus
749 1529 837 1584 imber
941 1544 977 1584 sse

22 1630 32 1668 4
123 1597 237 1668 Proluit,
255 1605 304 1656 aut
321 1604 399 1658 annis
417 1605 497 1659 solvit
514 1606 644 1675 sublapsa
661 1609 797 1672 vetustas3

122 1675 225 1729 Fertur
242 1676 271 1730 in
288 1677 436 1748 abruptum
454 1698 551 1750 magno
569 1699 646 1736 mons
664 1682 795 1751 inprobus
812 1685 883 1752 actu,

121 1751 304 1823 Exsultatque
322 1755 386 1823 solo,
406 1757 487 1810 silvas
507 1762 633 1812 armenta
650 1759 778 1826 virosque

23 1865 25 1896 ,
123 1828 266 1883 Involvens
284 1847 392 1887 secum:
411 1833 526 1886 disiecta
543 1850 593 1900 per
610 1835 718 1901 agmina
736 1835 842 1888 Turnus

23 1941 25 1969 ,
121 1903 165 1958 Sic
182 1906 258 1959 urbis
270 1909 332 1960 -ruit
349 1908 386 1960 ad
403 1925 503 1976 muros,
520 1909 568 1961 ubi
586 1909 703 1975 plurima
720 1909 780 1962 fuso
940 1925 975 1965 mo

121 1980 258 2050 Sanguine
276 1985 352 2036 terra
368 1984 469 2049 madet,
489 1983 664 2052 striduntque
681 1984 827 2038 hastilibus
844 2001 941 2052 auree3

121 2058 316 2127 Significatque
333 2075 422 2126 mauu,
442 2063 471 2112 et
488 2077 586 2128 magno
603 2061 683 2114 simul
701 2061 797 2130 incipit
814 2078 875 2116 oro:

122 2133 230 2188 Parcite
247 2136 309 2202 iam,
323 2135 427 2203 Rutuli,
445 2138 475 2188 et
492 2152 540 2189 vos
557 2137 613 2190 tela
631 2136 761 2201 inhibete,
780 2137 887 2203 Latini3

121 2209 314 2280 Quaecumque
332 2215 375 2266 est
394 2211 523 2278 Fortuna,
541 2229 603 2264 mea
621 2216 678 2277 est;
696 2229 740 2266 me
757 2212 848 2266 verius
864 2229 950 2266 unum

121 2285 175 2338 Pro
193 2286 271 2341 vobis
287 2287 385 2341 foedus
402 2287 486 2354 luere,
505 2291 535 2341 et
552 2287 701 2341 decernere
717 2288 799 2343 ferro.
938 2303 974 2344 ωε

119 2361 277 2417 Discessere
295 2381 388 2418 omnes
406 2363 498 2432 medii,
516 2365 692 2433 spatiumque
709 2363 819 2418 dedere.

155 2439 196 2492 At
213 2442 292 2506 pater
311 2441 428 2508 Aeneas,
446 2440 541 2494 audito
558 2440 667 2495 nomine
686 2440 777 2508 Fumi,

120 2513 230 2568 Deserit
248 2519 278 2568 et
295 2533 394 2584 muros,
412 2520 441 2570 et
459 2534 578 2571 summas
596 2517 700 2572 deserit
717 2533 800 2586 arces,

120 2590 342 2659 Praecipitatque
359 2609 449 2646 moras
467 2593 561 2660 omnis,
580 2610 663 2662 opere
681 2594 772 2647 omnia
788 2593 900 2662 rumpit,

119 2665 238 2720 Laetitia
256 2667 402 2736 exsultans,
420 2668 642 2738 horrendumque
659 2670 766 2723 intonat
783 2671 879 2724 armis:
935 2683 973 2725 roo

119 2743 244 2808 Quantus
262 2745 359 2812 Athos,
377 2747 425 2798 aut
444 2749 563 2814 quantus
581 2747 661 2816 Fryx,
680 2749 729 2800 eut
745 2745 812 2815 ipse,
829 2747 948 2802 coruscis

119 2818 188 2872 Oum
206 2821 299 2874 fremit
316 2821 430 2889 ilicibus,
449 2827 575 2892 quantus,
592 2823 751 2892 gaudetque
768 2822 850 2878 nivali

119 2895 232 2949 Vertice
250 2913 279 2950 se
296 2898 424 2952 attollens
441 2902 521 2967 pater
540 2900 721 2968 Appenninus
738 2899 775 2953 ad
792 2915 879 2953 auras.

118 2969 180 3024 Iam
197 2988 261 3024 vero
279 2976 308 3026 et
327 2973 422 3026 Rutuli
440 2975 566 3028 certatim
584 2978 614 3028 et
632 2975 715 3029 Troos
732 2978 762 3028 et
778 2991 871 3029 omnes

118 3047 286 3102 Convertere
303 3048 394 3102 oculos
413 3048 486 3118 Itali,
504 3051 605 3118 quique
623 3051 679 3105 alta
695 3050 828 3104 tenebant
930 3064 972 3110 ,vos

117 3123 235 3191 Moenia,
254 3124 356 3192 quique
374 3124 442 3178 imos
460 3126 606 3193 pulsabant
624 3127 711 3180 ariete
728 3143 827 3194 muros,

118 3199 260 3262 Armaque
277 3199 430 3270 deposuere
448 3200 576 3256 humeris.
611 3201 711 3274 Stupet
728 3201 788 3274 ipse
806 3202 921 3263 Latinus
