2234 3554
134 146 181 193 208
365 144 396 194 Ρ.
414 143 568 191 VERGILI
585 142 749 191 MARONIS

135 225 295 279 Adventare
313 225 408 291 virum,
427 227 456 278 et
474 224 562 293 partis
580 226 675 293 petere
693 240 791 290 agmen
809 225 919 279 easdem

135 301 263 356 Partibus
281 318 315 355 ex
333 301 426 365 isdem,
445 305 474 355 ct
492 318 598 354 summa
616 301 781 354 dominarier
798 317 867 355 areo.
962 315 988 356 ro

135 376 289 446 Praeterea,
306 379 388 432 castis
406 378 499 431 adolet
516 378 582 430 dum
600 377 699 430 altaria
715 377 812 442 taedis,

134 454 175 507 Ut
192 455 269 508 iuxta
285 455 438 522 genitorem
456 454 549 507 adstat
568 454 681 507 Lavinia
698 454 782 522 virgo,

136 529 209 597 Visa,
227 531 310 598 nefas,
329 531 416 598 longis
434 530 620 598 conprendere
637 530 757 584 crinibus
775 531 874 599 ignem,

135 608 230 674 Atque
248 624 356 661 omnem
374 611 501 660 ornatum
520 607 628 660 flamma
646 607 799 674 crepitante
817 606 940 673 cremari,

136 683 301 752 Regalisque
318 700 430 737 accensa
447 699 545 749 comas,
563 699 677 736 accensa
694 699 828 748 coronam,
963 695 989 736 ts

136 759 275 827 Insignem
293 761 421 828 gemmis3
439 763 499 812 tum
517 758 622 812 humida
639 759 740 812 lumine
758 759 832 812 fulvo

136 836 248 904 lascivi,
267 853 298 889 ac
315 836 383 890 totis
401 836 551 889 Volcanum
570 852 700 904 spargere
718 836 805 889 tectis.

137 911 172 965 ld
189 928 254 966 vero
271 913 438 966 horrendum
456 930 487 966 ac
505 913 564 966 visu
582 912 706 966 mirabile
724 913 805 966 ferri:

136 989 261 1057 Namque
279 989 337 1042 fore
353 990 496 1043 inlustrem
513 989 586 1042 fama
603 989 723 1057 fatisque
741 989 877 1043 canebant

137 1065 236 1134 Ipsam,
255 1065 304 1118 sed
321 1067 420 1134 populo
438 1082 565 1134 magnum
584 1064 749 1134 portendere
767 1065 877 1133 bellum,
963 1079 990 1119 so

137 1143 178 1194 At
196 1158 245 1196 rex
264 1142 395 1195 sollicitus
412 1141 548 1208 monstris,
568 1141 675 1194 oracula
695 1141 789 1208 Fauni,

137 1217 253 1271 Fatidiei
272 1219 411 1286 genitoris,
429 1219 495 1285 adit,
513 1218 642 1286 lucosque
660 1217 786 1271 subalta

138 1293 260 1347 (lonsulit
280 1293 412 1358 Albunea,
429 1311 570 1348 nemorum
590 1310 660 1361 quae
678 1310 806 1348 maxuma
824 1311 901 1349 sacro

138 1369 225 1423 Fonte
243 1374 328 1437 sonat,
348 1387 510 1439 saevamque
528 1370 638 1423 exhalat
656 1386 740 1438 opaca
757 1371 907 1440 mephitim.

138 1445 211 1498 Hinc
230 1445 318 1500 Italae
336 1450 432 1513 gentes
450 1447 592 1515 omnisque
611 1445 742 1500 Oenotria
759 1447 842 1501 tellus
963 1462 989 1502 so

138 1520 171 1574 In
190 1521 280 1575 dubiis
298 1539 426 1590 responsa
443 1527 556 1590 petunt;
574 1523 627 1577 hue
645 1523 716 1576 dona
734 1524 861 1578 sacerdos

138 1597 207 1651 Cum
224 1597 290 1651 tulit
308 1602 337 1652 et
354 1615 493 1652 caesarum
512 1601 602 1653 ovium
621 1599 671 1652 sub
688 1603 769 1654 nocte
787 1601 878 1654 silenti

141 1673 260 1726 Pellibus
277 1673 401 1728 incubuit
419 1675 513 1729 stratis
531 1692 694 1744 somnosque
711 1676 817 1745 petivit,

138 1749 227 1802 Multa
245 1749 333 1803 modis
352 1751 495 1805 simulacra
512 1753 590 1806 videt
607 1751 750 1805 volitantia
767 1753 850 1821 miris,

138 1826 175 1879 Et
192 1826 281 1880 varias
299 1827 377 1881 audit
394 1844 480 1896 voees,
499 1829 655 1898 fruiturque
673 1828 787 1882 deorum
965 1844 991 1884 oo

139 1902 295 1972 conloquio,
314 1907 397 1972 atque
414 1905 475 1958 imis
495 1906 654 1959 Acheronta
671 1905 782 1958 adfatur
802 1905 926 1960 Auernis.

140 1978 194 2032 Hic
211 1983 240 2033 ct
257 1984 316 2034 tum
334 1984 414 2048 peter
430 1982 489 2049 ipse
507 1986 604 2050 petens
622 1997 752 2049 responsa
770 1981 886 2036 Latinus

140 2054 256 2110 (lentum
273 2057 408 2125 lanigeras
426 2058 565 2111 mactabat
582 2058 635 2111 rite
653 2056 781 2126 bidentis,

141 2133 235 2200 Atque
252 2133 349 2186 harum
367 2134 477 2187 effultus
494 2139 573 2202 tergo
591 2135 741 2202 stratisque
757 2134 866 2188 iacebat

140 2207 308 2264 Velleribus:
327 2210 418 2263 subita
435 2227 469 2263 ex
488 2210 543 2264 alto
561 2227 614 2263 vox
631 2209 744 2263 reddita
761 2210 822 2264 luco
840 2214 896 2265 est:
969 2223 993 2262 aa

141 2284 183 2341 Ne
200 2289 266 2354 pete
283 2286 423 2339 connubiis
440 2290 532 2340 natam
550 2287 653 2340 sociare
671 2287 782 2352 Latinis,

141 2360 164 2414 Ο
183 2377 244 2414 mea
261 2362 412 2429 progenies,
432 2362 557 2416 thalamis
574 2380 628 2416 neu
645 2362 727 2416 erede
745 2364 863 2431 paratis;

141 2437 256 2490 Externi
274 2437 386 2491 veniunt
403 2439 505 2505 generi,
523 2439 570 2507 qui
589 2439 719 2507 sauguine
736 2444 869 2506 nostrum

142 2514 248 2566 Nomen
266 2513 294 2565 in
312 2515 386 2566 astra
402 2513 501 2582 ferant,
519 2531 690 2584 quorumque
708 2513 743 2568 ab
761 2515 848 2583 stirpe
865 2519 980 2584 nepotas

141 2589 240 2642 Omnia
258 2589 309 2642 sub
327 2589 451 2658 pedibus,
470 2607 524 2658 qua
542 2591 587 2644 Sol
604 2595 752 2660 utrumque
770 2607 914 2645 recurrens
955 2605 992 2645 1oo

142 2666 250 2734 Aspicit
268 2665 414 2733 Oceanum,
432 2667 557 2735 vertique
574 2667 687 2736 regique
705 2667 844 2721 videbunt.

142 2743 220 2796 Haec
237 2758 367 2810 responsa
385 2744 471 2811 patris
490 2743 576 2796 Fauni
594 2743 767 2812 monitusque
785 2743 877 2797 silenti

142 2819 230 2872 Nocte
248 2819 327 2872 datos
344 2835 398 2872 non
416 2819 475 2888 ipse
493 2835 542 2872 suo
558 2820 659 2888 premit
676 2836 724 2872 ore
742 2819 864 2886 Latinus,

142 2894 198 2950 Sed
215 2896 315 2949 circum
333 2895 389 2949 late
406 2896 523 2949 volitans
539 2896 593 2948 iam
612 2895 697 2948 Fama
713 2911 764 2963 per
780 2895 866 2949 urbes

144 2973 279 3025 Ausonias
296 2971 405 3039 tulerat,
423 2989 484 3026 eum
503 2970 699 3024 Laomedontia
715 2970 803 3039 pubes
957 2984 994 3025 ιω

143 3045 289 3101 Gramineo
306 3047 382 3116 ripae
399 3047 527 3114 religavit
542 3046 577 3098 ab
594 3063 694 3113 aggere
712 3047 833 3100 classem.

178 3123 287 3175 Aeneas
304 3123 439 3190 primique
458 3121 541 3174 duces
559 3125 588 3174 et
606 3121 718 3189 pulcher
737 3121 814 3175 lulus

144 3196 264 3264 Corpora
282 3197 333 3250 sub
350 3198 433 3250 ramis
451 3197 592 3264 deponunt
609 3196 714 3250 arboris
732 3197 812 3264 altae,
