2242 3550
375 471 405 518 P.
422 468 578 518 VERGILI
595 468 761 518 MARONIS

347 616 798 694 GEORGIOON

416 803 534 856 LIBER
559 803 727 858 TERTIUS.

528 999 626 1028 —4—

146 1147 186 1201 'l'n
201 1155 322 1217 quoque,
340 1165 438 1216 magna
457 1155 543 1221 Pales,
562 1157 591 1207 et
608 1156 638 1207 te
655 1154 830 1205 memorande
848 1165 976 1204 canemus

147 1223 245 1277 Pastor
263 1224 298 1276 ab
319 1225 481 1294 Amphryso,
499 1245 554 1294 vos,
573 1229 656 1282 silvae
675 1244 822 1295 amnesque
841 1226 946 1294 Lycaei.

146 1300 252 1367 Cetera,
272 1317 342 1367 quae
361 1318 457 1355 uacuas
476 1306 629 1358 tenuissent
647 1305 767 1357 carmine
784 1307 898 1370 mentes,

146 1377 243 1430 Omnia
262 1377 315 1430 iam
335 1377 453 1443 volgata:
473 1381 534 1447 quis
552 1385 600 1433 aut
621 1380 773 1450 Eurysthea
791 1379 896 1446 durum,

146 1455 204 1506 Aut
224 1452 355 1506 inlaudati
374 1456 461 1508 nescit
481 1456 615 1509 Busiridis
633 1458 710 1510 arasl

146 1530 196 1584 Cui
214 1547 266 1582 uon
287 1528 376 1582 dietus
397 1531 483 1599 Hylas
501 1549 570 1600 puer
589 1538 617 1586 et
637 1533 751 1586 Latonia
770 1530 859 1592 Deles,

145 1607 384 1675 Hippodameque,
402 1608 570 1677 humeroque
590 1609 689 1677 Pelops
707 1608 821 1676 insignis
839 1607 951 1674 eburno,

146 1685 220 1736 Acer
239 1684 332 1751 equisl
369 1683 540 1752 Temptanda
557 1687 601 1740 via
619 1690 671 1752 cst,
689 1702 744 1754 qua
762 1701 805 1737 me
824 1699 933 1752 quoquc

215 1776 315 1828 possim

146 1835 252 1888 Tollere
271 1836 353 1890 humo
372 1839 512 1907 victorque
531 1839 619 1891 virum
637 1838 752 1891 volitare
771 1853 820 1905 per
839 1853 894 1889 era

146 1911 254 1965 Primus
273 1930 323 1980 ego
342 1914 369 1966 in
387 1915 504 1982 patriam
523 1932 636 1982 mecum,
654 1914 735 1966 modo
754 1913 810 1965 vita
829 1912 955 1980 supersit,
976 1925 1001 1964 ιο

146 1989 235 2041 Aonio
255 1989 363 2042 rediens
383 1990 516 2044 deducam
536 1993 638 2044 vertice
657 1991 757 2053 Musas,

146 2065 254 2118 Primus
276 2065 421 2120 Idumaeas
440 2067 556 2120 referam
575 2067 633 2130 tibi,
653 2067 775 2133 Mantua,
793 2066 904 2134 palmas,

147 2142 182 2196 Et
200 2142 279 2194 viridi
297 2143 324 2195 iu
344 2161 440 2212 canape
459 2145 593 2212 tcmplmn
612 2144 647 2196 de
666 2159 800 2195 ruarmore
818 2158 916 2210 ponam

147 2218 263 2286 Propter
283 2236 389 2288 aquam,
410 2219 496 2272 tardis
514 2221 609 2286 ingens
627 2219 674 2272 ubi
692 2218 808 2271 flexibus
826 2222 900 2271 errat

146 2295 261 2349 Mincius
281 2302 310 2350 et
328 2303 423 2350 tenera
442 2297 579 2365 praetexit
597 2296 728 2348 arundine
746 2295 826 2363 ripas.
978 2307 1002 2347 ιδ

148 2372 179 2424 ln
199 2373 289 2426 medio
309 2373 375 2424 milri
396 2373 496 2426 Caesar
515 2373 576 2438 erit,
596 2373 783 2440 templumque
802 2371 914 2424 tenebit.
968 2437 971 2445 Α

147 2449 191 2501 11Ιί
209 2450 295 2502 vietor
314 2467 364 2517 ego
384 2453 413 2502 et
432 2449 510 2516 Tyrio
529 2457 690 2517 conspectus
708 2449 735 2501 iu
754 2451 828 2501 ostro

147 2526 263 2579 (lentum
283 2525 459 2593 quadriiugos
477 2525 587 2592 agitabo
606 2525 641 2577 ad
660 2525 770 2578 flumina
787 2541 896 2588 currus;

147 2603 251 2656 Cuncta
270 2603 343 2668 mihi,
365 2603 501 2670 Alpheum
522 2603 646 2669 linquens
664 2602 793 2669 lucosque
812 2599 952 2662 Molorchi,

147 2679 275 2733 Cursibus
295 2685 323 2733 et
344 2679 428 2733 crudo
447 2679 577 2732 decernet
596 2679 709 2732 Graecia
726 2682 825 2732 caestu.
978 2689 1003 2730 aa

148 2755 217 2824 Ipse,
236 2761 317 2826 caput
336 2759 431 2809 tonsae
450 2755 520 2808 loliis
539 2760 650 2808 ornatus
669 2756 764 2822 olivae,

147 2833 225 2887 Dona
242 2835 335 2889 leram.
376 2833 435 2886 Iam
453 2850 524 2885 nunc
543 2832 679 2886 sollemnis
699 2832 800 2885 ducere
818 2845 932 2899 pompas

149 2911 193 2964 Ad
212 2911 327 2966 delubra
345 2913 420 2965 iuvat
439 2927 587 2979 caesosque
607 2909 700 2963 ridere
719 2909 853 2973 iuvencos,

147 2987 198 3041 Vel
218 3007 314 3044 scaena
332 2994 363 3044 ut
382 2988 466 3041 versis
485 2986 608 3040 discedat
625 2985 768 3052 frontibus,
787 2988 873 3052 utque

148 3067 289 3135 Purpurea
307 3067 406 3120 intexti
424 3065 521 3118 tollant
540 3063 635 3116 aulaea
654 3062 785 3115 Britanni.
978 3073 1002 3114 at

148 3144 181 3198 In
200 3143 303 3197 loribus
322 3160 440 3211 pugnam
460 3159 494 3194 ex
513 3157 578 3193 auro
598 3139 738 3208 solidoque
758 3138 901 3206 elephanto

148 3219 335 3290 Gangaridum
353 3217 449 3272 faeiem
468 3217 632 3280 victorisque
651 3233 727 3270 arma
747 3215 860 3280 Quirini,
