2234 3554
413 122 594 170 AENEIDOS
611 123 681 171 LIB.
699 123 748 172 Vl.
958 125 1004 172 195

158 206 268 260 Talibus
288 205 398 257 Aeneas
415 202 558 256 ardentem
576 205 606 255 et
623 205 701 257 torva
718 206 841 259 tuentem

159 282 275 336 Lenibat
294 279 374 332 dictis
393 278 520 346 animum,
538 278 717 347 lacrimasque
735 280 830 334 ciebat

162 357 210 411 llla
228 356 285 410 solo
304 355 371 407 fixos
389 354 480 408 oculos
499 370 594 407 aversa
611 354 729 421 tenebat,

157 433 182 486 N
184 451 215 487 ec
232 431 319 500 magis
336 431 444 498 incepto
462 430 566 483 voltum
584 446 709 484 sermone
726 435 859 502 movetur,
970 448 1007 491 tro

158 510 245 573 Qmam
263 507 285 560 si
304 507 373 559 dura
391 505 458 560 silex
477 509 525 559 aut
543 508 600 559 stet
618 506 756 575 Marpesia
773 511 874 562 cautes

157 584 278 638 Tandem
296 583 429 652 corripuit
446 598 514 650 sese,
531 585 615 651 atque
633 583 742 637 inimica
760 585 862 654 refugit

159 662 192 714 ln
209 677 305 714 nonius
322 659 509 727 umbriferum,
527 659 644 711 coniunx
662 659 710 713 ubi
727 661 859 728 pristinus
876 660 918 715 illi

159 737 316 805 Respondet
333 734 405 788 maris
423 738 578 803 aequatque
596 735 733 803 Sychaeus
751 753 877 791 amorem.

159 813 180 864 N
185 830 215 866 ec
233 812 322 865 minus
341 811 457 878 Aeneas,
477 827 541 864 casu
558 827 702 865 concussus
720 812 819 882 iniquo,
970 830 1005 868 aas

160 889 337 957 Prosequitur
355 887 497 941 lacrimans
515 887 602 955 lange,
621 892 650 941 et
667 889 814 943 miseratur
831 893 948 944 euntem.

194 965 264 1018 Inde
282 965 377 1018 datum
396 964 508 1017 molitur
525 965 585 1017 iter.
625 964 738 1033 Iamque
756 983 821 1019 arva
837 966 971 1020 tenebant

159 1041 268 1106 Ultima
286 1057 356 1110 quae
375 1040 445 1094 bello
464 1040 530 1093 cleri
549 1042 655 1093 secreta
672 1041 854 1110 frequentant.

160 1118 213 1170 llic
229 1117 269 1170 illi
287 1117 403 1170 occurrit
422 1115 537 1185 Tydeus,
555 1116 600 1169 hic
616 1116 733 1170 inclutus
751 1118 833 1171 armis

163 1194 380 1262 Parthenopaeus
398 1197 427 1246 et
446 1193 561 1246 Adrasti
578 1192 705 1260 pallentis
724 1193 827 1260 imag03
969 1208 1006 1248 aaa

163 1271 214 1323 llic
231 1270 347 1324 multum
365 1269 425 1323 fleti
443 1269 479 1322 ad
497 1285 609 1338 superos
628 1267 755 1339 belloque
772 1269 865 1324 caduci

160 1345 339 1413 Dardanidae,
358 1363 426 1414 quos
443 1345 489 1398 ille
507 1345 593 1400 omnis
610 1346 690 1412 longo
709 1345 805 1400 ordine
823 1362 937 1400 cernens

161 1423 304 1491 lngemurt,
323 1421 509 1490 Glaucumque
528 1421 714 1490 Medontaque
734 1422 998 1490 Thersilochumque,

160 1499 218 1551 Tris
237 1499 428 1566 Antenoridas,
448 1499 596 1566 Cererique
615 1515 721 1552 sacrum
741 1499 932 1567 Polyphoeten,

161 1575 335 1644 ldaeumque,
355 1577 436 1630 etiam
455 1592 557 1644 currus,
576 1576 659 1628 etiam
677 1592 754 1629 arma
771 1579 919 1630 tenentem.
968 1589 1006 1630 aaa

159 1652 343 1706 Circumstant
361 1653 466 1705 animae
485 1652 583 1706 dextra
601 1652 732 1722 laevaque
750 1653 914 1719 frequentes.

159 1727 185 1781 N
186 1744 217 1781 ec
235 1727 335 1781 vidisse
353 1728 436 1780 semel
454 1729 521 1780 satis
539 1731 595 1793 cst;
613 1728 688 1781 iuvat
705 1745 793 1796 usque
810 1728 918 1796 morari,

162 1803 196 1856 llt
213 1804 336 1856 conferre
353 1803 477 1870 gradum,
496 1807 525 1856 et
542 1803 669 1856 veniendi
689 1803 795 1858 discere
813 1819 927 1857 caussas

161 1879 200 1932 At
217 1877 341 1932 Danaum
359 1893 486 1944 proceres
505 1879 791 1946 Agamemnoniaeque
809 1879 957 1947 phalanges

162 1955 200 2007 Ut
217 1953 310 2006 videre
328 1953 416 2005 virum
433 1953 619 2020 fulgentiaque
637 1970 713 2006 arma
730 1970 781 2020 per
797 1955 915 2021 umbras,
969 1968 1006 2008 aaa

164 2029 271 2097 ingenti
288 2027 428 2096 trepidare
447 2031 537 2092 metu;
556 2044 620 2096 pars
637 2031 746 2080 vertere
763 2031 848 2096 terga,

160 2105 217 2158 Oen
235 2103 372 2174 qnondam
389 2103 495 2173 petiere
513 2107 602 2167 rates;
619 2119 683 2172 pars
701 2104 798 2156 tollere
815 2121 908 2158 vocem

161 2181 307 2249 Exiguam:
325 2181 450 2247 inceptus
468 2179 569 2233 clamor
586 2179 736 2234 frustratur
752 2180 858 2234 hiantis.

196 2261 291 2328 Atque
309 2257 353 2311 hio
373 2257 528 2310 Priamiden
546 2257 677 2311 laniatum
695 2273 807 2325 corpore
825 2260 883 2311 toto

161 2335 333 2405 Deiphobum
351 2334 426 2388 videt
444 2337 473 2387 et
490 2333 609 2388 lacerum
627 2333 776 2387 crudeliter
794 2350 848 2401 ora,
971 2349 1007 2390 aas

161 2411 217 2466 Ora
233 2429 382 2480 manusque
401 2409 503 2478 ambas,
521 2410 705 2480 populataque
722 2413 847 2479 tempora
865 2411 951 2479 raptis

164 2487 289 2554 Auribus,
308 2491 336 2541 et
353 2491 463 2541 tunicas
481 2487 623 2541 inhonesto
641 2486 750 2540 volnere
767 2486 846 2540 naris

161 2564 216 2616 Vix
234 2563 302 2616 adeo
320 2563 450 2632 adgnovit
467 2564 634 2632 pavitantem
653 2567 682 2618 et
700 2563 761 2617 dira
778 2565 917 2630 tegentem

161 2640 305 2708 Supplicia,
323 2644 352 2693 et
369 2641 441 2693 notis
459 2641 604 2710 compellat
622 2639 733 2693 vocibus
750 2639 836 2692 ultro:

77 2725 78 2728 ’
161 2715 303 2784 Deiphobe
316 2716 489 2784 armipotens,
500 2733 587 2784 genus
599 2714 827 2784 alteasaaguine
839 2712 943 2780 Teucri,
970 2725 1007 2766 aaa

161 2792 228 2855 Quis
245 2795 302 2845 tam
320 2792 438 2846 crudelis
455 2793 560 2860 optavit
579 2807 686 2845 sumere
704 2791 821 2860 peenasl

161 2869 212 2922 Oui
229 2871 338 2922 tantum
356 2868 392 2922 de
409 2872 439 2922 te
455 2869 548 2922 licuit?
585 2868 653 2921 Mihi
671 2868 743 2920 fama
760 2881 887 2934 suprema

161 2944 186 2997 N
188 2948 249 2998 octe
266 2945 330 2998 tulit
347 2944 449 2998 fossum
467 2949 545 2998 rasta
562 2948 591 2997 te
609 2942 693 2997 caede
713 2943 858 3008 Pelasgum

162 3019 341 3074 Procubuisse
359 3037 441 3088 super
458 3021 584 3074 confusae
603 3021 703 3088 stragis
721 3035 853 3072 acervum.

161 3097 235 3150 Tunc
253 3101 361 3166 egomet
380 3095 514 3151 tumulum
533 3097 657 3150 Rhoeteo
674 3096 702 3147 in
720 3094 801 3148 litore
818 3094 926 3147 irionem
970 3106 1007 3148 aas

161 3173 304 3295 Oonsltitui,
323 3178 353 3228 et
370 3189 469 3242 magna
487 3168 576 3226 Manis
593 3176 639 3226 ter
657 3187 722 3224 voce
740 3171 839 3224 vocavi.

239 3253 253 3298 6
