2274 3554
117 113 163 160 110
194 68 195 72 Ἰ
351 108 379 155 Ρ.
401 107 552 154 VERGILI
570 106 733 154 MARONIS

31 255 33 262 Ι
116 188 260 258 Accipiens
278 188 396 242 sonitum
415 188 472 240 saxi
491 187 525 240 de
544 187 645 239 vertice
662 188 760 254 pastor.

115 265 183 319 Tum
201 281 266 318 vero
284 264 429 318 manifesta
447 263 524 327 fides,
544 263 723 330 Danaumque
740 264 884 330 patescunt

116 341 244 396 Insidiae.
282 341 342 394 Iam
361 339 496 408 Deiphobi
516 339 594 392 dedit
612 339 702 407 ampla
719 339 825 393 ruinam
929 358 966 396 aro

116 419 235 472 Volcano
254 421 401 486 superante
420 417 524 483 domus,
544 417 598 470 iam
616 431 764 484 proxumus
781 415 861 470 ardet

116 495 269 562 Ucaleg0n;
289 494 369 562 Sigea
387 494 443 562 igni
461 493 533 546 freta
552 493 609 546 lata
627 493 756 547 relucent.
768 510 789 560 s

116 571 246 624 Exoritur
264 572 419 640 clamorque
438 571 526 623 virum
545 571 710 638 clangorque
727 572 862 626 tubarum.

117 649 204 701 Arma
221 665 314 702 amens
332 648 423 716 capio;
441 664 491 701 nee
509 652 552 701 sat
570 648 681 700 rationis
699 648 727 700 in
745 650 841 714 armis3

117 724 171 778 Sed
183 725 334 792 glomerare
346 741 455 777 manum
468 724 539 777 bollo
552 730 580 777 et
593 741 752 778 concurrere
764 725 792 778 iu
809 741 899 778 arcem
932 741 967 780 30

117 800 185 854 (lum
204 801 281 854 sociis
300 800 398 853 ardent
416 802 497 853 animi
507 823 513 866 ;
531 800 607 853 furor
624 801 718 868 iraque
737 805 856 855 mentem

119 877 310 946 Praecipitant,
328 877 525 946 pulchrumque
543 877 611 930 mori
630 878 763 932 succurrit
780 879 807 930 in
825 877 914 931 armis.

152 954 221 1007 Eece
240 959 332 1006 autem
351 954 413 1007 telis
434 954 556 1008 Panthus
574 954 681 1022 elapsus
701 954 840 1022 Achivom,

119 1030 241 1084 Panthus
260 1031 420 1099 Othryades,
439 1032 508 1085 areis
529 1031 684 1102 Phoebique
703 1032 836 1096 sacerdos,

118 1107 200 1160 Sacra
217 1125 298 1162 uranu
316 1109 457 1177 victosque
476 1108 542 1162 deos
560 1125 728 1177 parvumque
746 1112 874 1178 nepotem
933 1122 969 1161 320

118 1184 183 1252 Ipse
200 1185 293 1253 trahit,
312 1203 448 1254 cursuque
467 1203 560 1239 amens
579 1185 615 1237 asl
633 1185 725 1238 limina
743 1185 840 1239 tendit.

119 1259 177 1324 Quo
190 1279 234 1314 res
247 1279 352 1314 300003
365 1261 430 1328 1000,
445 1261 568 1315 Panthul
588 1278 670 1329 quarn
687 1262 845 1328 prendimus
862 1263 969 1314 areeml

119 1338 174 1390 Vix
192 1355 224 1391 ea
243 1339 315 1390 fetus
334 1355 416 1404 eram,
434 1339 538 1404 gemitu
557 1355 617 1390 eum
636 1338 701 1390 talia
719 1337 824 1391 reddit:

119 1413 203 1467 Venit
221 1429 325 1466 summa
344 1413 402 1466 dics
421 1419 450 1466 et
468 1413 641 1466 ineluctabile
660 1418 768 1481 tempus

119 1490 280 1543 Dardaniae.
319 1489 431 1542 Fuimus
450 1489 541 1556 10003,
559 1490 611 1542 luit
630 1489 712 1542 llium
731 1495 760 1542 et
777 1491 874 1557 ingens
935 1505 971 1543 333

120 1567 212 1621 Gloria
230 1567 409 1631 Γ10000000οη
428 1566 502 1619 10003
521 1567 610 1618 000010
630 1566 755 1633 Iuppiter
775 1569 864 1634 Argos

120 1643 281 1698 Transtulit:
299 1643 410 1695 incensa
429 1642 515 1694 Danai
535 1641 710 1694 dominantur
728 1644 756 1694 in
774 1642 849 1695 urbe.

121 1721 233 1774 Arduus
251 1722 370 1772 armatos
387 1718 484 1772 mediis
502 1719 527 1770 10
547 1717 687 1770 moenibus
706 1719 816 1771 adstans

121 1797 223 1850 Fundit
241 1811 334 1864 equus,
354 1795 494 1862 victorque
513 1794 596 1847 Sinon
615 1793 739 1846 incendia
756 1795 851 1846 miscet

121 1873 266 1926 Insultans.
304 1871 395 1923 Portis
414 1870 458 1922 alii
477 1869 664 1938 bipatentibus
683 1870 790 1937 adsunt,
937 1883 974 1925 330

121 1950 198 2003 Milia
215 1953 282 2019 quot
301 1948 405 2015 magnis
424 1963 553 2014 umquam
573 1963 671 2000 venere
690 1946 826 2014 Mycenis;

121 2027 262 2080 Obsedcre
280 2025 326 2077 alii
344 2023 406 2077 telis
425 2028 540 2092 angusta
559 2024 662 2076 viarum

121 2103 261 2172 Oppositi3
279 2106 335 2154 stat
353 2101 418 2153 ferri
438 2101 509 2154 acics
527 2118 655 2154 mucrone
673 2118 784 2155 corusco

122 2179 229 2245 Stricta,
246 2181 343 2247 parata
361 2177 434 2241 neei;
453 2178 496 2230 rix
514 2178 596 2246 primi
615 2179 717 2246 proelia
734 2180 871 2245 temptant

123 2255 267 2308 Portarum
288 2254 392 2321 vigiles,
413 2258 441 2307 ct
459 2271 539 2308 caeco
559 2255 650 2307 Marte
669 2255 801 2308 resistunt
940 2267 977 2306 ssa

122 2332 231 2385 Talibus
251 2331 410 2397 Othryadae
431 2331 511 2383 dietis
530 2335 558 2384 ct
576 2331 686 2383 numine
705 2331 795 2384 divom

123 2409 157 2462 In
175 2408 298 2460 flammas
317 2412 346 2458 ct
365 2406 391 2457 iu
411 2423 487 2458 arma
504 2407 585 2473 feror,
605 2422 658 2475 quo
677 2407 766 2460 tristis
785 2408 889 2476 Erinys,

123 2485 182 2549 Quo
201 2485 327 2537 fremitus
346 2486 425 2535 vocat
443 2486 472 2536 et
491 2483 614 2536 sublatus
632 2483 668 2535 ad
687 2483 799 2536 aethera
816 2483 924 2537 elamor.

123 2560 241 2614 Addunt
259 2576 288 2612 se
308 2559 393 2612 socios
414 2558 536 2628 lthipeus
555 2562 583 2613 et
601 2575 744 2612 maxumus
762 2561 845 2612 armis

124 2637 234 2705 Epytus,
253 2635 338 2690 oblati
356 2651 405 2704 per
424 2635 523 2702 lunam,
545 2637 724 2705 Hypanisque
745 2636 908 2706 Dymasque,
942 2649 978 2688 ero

124 2713 160 2766 Et
177 2713 257 2766 lateri
275 2711 464 2778 adglomerant
482 2719 582 2768 nestro,
601 2714 759 2774 iuvenisque
778 2712 926 2775 Coroebus,

123 2788 312 2857 Mygdonides.
350 2788 409 2842 lllis
427 2789 463 2842 ad
482 2789 589 2842 'l'reiam
608 2791 680 2842 farte
700 2790 797 2843 diebus

124 2865 252 2932 Venerat,
270 2865 363 2919 insano
383 2865 552 2919 Cassandrae
570 2869 694 2919 incensus
712 2883 811 2932 amore,

124 2941 161 2994 Et
178 2957 264 3008 gener
281 2940 411 2996 auxilium
432 2943 540 2996 Priamo
563 2942 767 3010 Phrygibusque
787 2941 901 3007 serebat,

125 3017 233 3083 Infelix,
253 3017 373 3086 quinon
393 3035 506 3086 sponsae
525 3023 672 3086 praecepta
688 3017 805 3070 furentis
944 3029 980 3069 340

126 3093 265 3150 Audierit.

127 3167 199 3223 ηη03
216 3169 264 3224 ubi
282 3170 418 3230 confertos
436 3171 539 3226 audere
555 3171 584 3225 in
602 3171 705 3242 proelia
722 3171 785 3234 vidi,
