2232 3556
130 157 175 203 336
361 157 390 204 Γ.
409 155 564 204 VERGILI
582 153 748 203 MARONIS

131 235 323 306 Arrectoeque
340 236 454 290 horrore
473 253 573 304 comae,
592 239 621 289 ct
639 252 691 288 vox
709 232 831 287 faucibus
849 231 946 288 haesit

131 313 179 378 At,
196 313 291 381 procul
310 316 342 367 ut
361 313 444 367 Dirae
463 312 610 366 stridorem
628 310 759 379 adgnovit
778 309 888 378 etatae,

131 387 231 442 Infelix
249 391 331 444 erinis
350 391 450 444 scindit
469 391 586 443 Iuturna
605 388 715 454 solutos,
947 401 985 441 ero

37 531 40 536 Ι
131 464 274 533 Unguibus
293 484 340 520 ora
359 484 436 520 soror
452 467 566 520 foedans
585 468 613 518 ct
631 467 744 534 pectora
761 463 872 531 pugnis:

131 540 204 606 Quid
221 561 293 597 nunc
310 548 340 598 te
357 548 413 608 tua,
433 544 530 610 Turne,
548 545 641 612 potest
658 556 787 609 germana
805 540 919 593 iuvaret

132 621 190 672 Aut
208 620 277 688 quid
293 621 348 673 iam
367 620 452 673 durae
471 623 584 687 superat
601 618 686 672 mihii
712 633 767 686 qna
785 615 836 670 tibi
854 615 944 668 iucem

131 695 201 748 Arte
220 698 329 750 mereri
367 696 440 750 talin'
460 711 570 765 possum
588 711 633 747 me
650 709 788 763 opponere
805 693 947 747 monstro?

131 771 190 823 iam
209 772 263 824 iam
281 773 374 841 linquo
393 773 471 826 acies.
508 771 614 824 Neine
632 773 737 824 terrete
755 770 908 834 timentem,
946 785 985 824 crs

130 845 271 902 Obscenae
288 849 427 914 volucrem
451 849 556 901 alarum
574 847 690 900 verbera
707 862 788 899 nosco
843 873 849 881 ·

131 922 308 992 Letalemquc
328 941 436 989 sonum;
460 941 510 977 nec
527 923 624 976 fallant
641 923 716 976 iussa
733 921 851 990 superba

131 998 297 1067 Magnanimi
318 1001 398 1054 Iovis.
435 1002 512 1054 Haec
530 1017 579 1069 pro
598 999 756 1066 virginitate
774 998 898 1067 reponiti

130 1073 190 1138 Quo
209 1077 292 1130 vitam
311 1077 389 1130 dedit
407 1077 563 1131 aeternam?
588 1075 752 1128 curmontis
771 1074 900 1142 adempta
919 1077 964 1128 est

129 1150 278 1206 Condicioi
301 1170 409 1222 possem
427 1157 519 1207 tantos
537 1152 617 1205 finire
635 1151 743 1204 dolores
943 1167 982 1206 eso

130 1227 156 1279 N
159 1245 211 1282 unc
229 1233 311 1296 certe,
330 1233 360 1283 ct
378 1231 477 1284 misero
494 1229 574 1283 fratri
591 1245 682 1282 comes
700 1229 741 1280 ire
758 1243 809 1296 per
825 1227 944 1282 umbras

133 1303 287 1358 inmortalis
305 1308 373 1374 egoi
397 1309 445 1359 aut
463 1306 610 1374 quicquam
628 1305 695 1358 mihi
714 1304 793 1358 dulce
810 1321 931 1358 meorum

130 1379 168 1436 Te
186 1381 361 1448 sine‚1'rater,
381 1383 450 1436 criti
485 1382 509 1435 0
528 1398 598 1450 quae
617 1381 684 1434 satis
701 1381 757 1434 alta
775 1380 898 1434 dehiscat

131 1455 214 1510 Terra
231 1458 305 1523 mihi,
327 1459 470 1528 Manisque
488 1459 568 1512 deam
586 1457 716 1511 demittat
734 1457 868 1510 adimes!

129 1532 246 1586 'fantum
265 1535 353 1602 etiirta,
372 1539 454 1604 caput
471 1535 566 1602 glauco
583 1534 706 1587 contenit
723 1533 831 1599 amictu,
942 1549 981 1589 885

130 1607 219 1660 Multa
235 1625 354 1676 gemens,
373 1615 402 1663 ct
420 1627 449 1664 se
467 1611 549 1662 fluvio
567 1610 620 1662 dea
638 1609 761 1662 condidit
778 1609 841 1663 alto.

165 1685 275 1738 Aeneas
292 1685 378 1738 instat
396 1689 491 1738 contra
508 1685 649 1754 telumque
668 1688 798 1753 coruscat,

131 1759 239 1827 Ingens,
257 1760 410 1828 arboreum,
428 1766 457 1814 et
475 1777 555 1815 saevo
574 1762 612 1814 sic
630 1765 742 1830 pectore
759 1761 844 1814 fatur:

131 1835 206 1899 Quae
230 1853 301 1890 nunc
326 1837 427 1892 deinde
448 1855 524 1891 mara
546 1839 605 1892 esti
635 1841 683 1892 aut
705 1837 772 1906 quid
793 1837 854 1902 iam,
876 1842 978 1907 Turne,

198 1915 347 1968 retractas?

130 1987 192 2040 Non
210 2007 297 2057 cursu,
316 1990 403 2044 saevis
420 1991 583 2044 certandum
601 1993 644 2044 cst
662 1989 811 2044 comminus
828 1993 917 2044 annia
942 2007 979 2047 eac

130 2061 217 2118 Verte
235 2066 322 2118 omnis
339 2070 397 2120 tete
414 2067 442 2119 in
460 2067 550 2134 iacies,
567 2069 597 2120 ct
615 2067 752 2134 contrahe,
771 2066 907 2136 quidquid

129 2139 192 2194 Sive
210 2142 306 2194 animis
325 2142 382 2196 sire
400 2147 461 2196 arte
478 2143 568 2206 vales;
591 2147 655 2210 opta
673 2143 760 2196 ardua
776 2143 873 2210 pennis

130 2219 216 2270 Astra
233 2219 318 2286 sequi,
337 2219 512 2287 clausumque
528 2235 594 2272 cava
611 2224 641 2272 te
659 2219 776 2274 condere
793 2223 875 2274 terra.

131 2293 182 2346 Ille
200 2299 283 2362 caput
301 2311 443 2363 quassans:
468 2297 492 2348 N
496 2312 531 2348 on
548 2311 593 2348 me
609 2298 659 2348 tua
674 2295 780 2349 fervida
796 2299 902 2350 terrent

131 2369 218 2437 Dicta,
236 2370 326 2424 ferox:
349 2371 380 2423 di
397 2387 442 2424 ma
458 2374 566 2425 terrent
584 2374 613 2424 ct
631 2371 757 2439 Iuppiter
774 2371 868 2426 hostis.
940 2389 980 2428 aas

130 2446 189 2498 Nec
206 2446 285 2514 plura
302 2445 407 2512 effatus,
427 2464 522 2500 sarum
539 2447 722 2515 circumspicit
739 2447 841 2514 ingens,

129 2521 231 2575 Saxum
249 2521 399 2590 antiquum,
417 2522 625 2592 irrgenstcampo
643 2523 719 2592 quod
736 2523 807 2577 iortc
825 2524 941 2591 iaccbat,

130 2597 220 2652 Limes
238 2615 303 2666 agro
318 2599 431 2667 positus,
449 2599 525 2652 litem
543 2602 576 2652 ut
594 2600 762 2654 discerneret
779 2601 865 2665 arvis;

130 2671 184 2726 Vix
203 2675 270 2727 illud
288 2675 352 2728 lecti
369 2675 411 2728 bis
429 2691 476 2730 sex
495 2676 599 2728 cervice
617 2675 753 2742 subirent,

130 2749 227 2812 Qualia
243 2767 315 2803 nunc
327 2751 465 2805 hominum
483 2751 611 2818 producit
628 2769 742 2820 corpora
759 2751 854 2818 tellus;
940 2768 983 2806 eoo

130 2824 181 2882 Ille
198 2843 281 2879 manu
298 2831 405 2894 raptam
422 2827 531 2895 trepida
547 2828 695 2896 torquebat
712 2830 740 2881 in
758 2828 871 2897 hostem,

130 2901 221 2952 Altior
238 2903 380 2968 insurgens
397 2909 426 2956 et
443 2921 523 2956 cursu
542 2904 662 2957 concitus
679 2905 768 2958 heroe.

129 2975 184 3027 Sed
201 2993 290 3044 neque
308 2983 462 3032 currentem
480 2995 509 3032 se
526 2996 577 3032 nec
589 2981 726 3047 cognoscit
744 2983 863 3046 euntem,

128 3049 313 3105 Tollentemve
325 3070 406 3106 manu
424 3072 573 3124 saxumque
591 3056 699 3109 inmane
716 3059 884 3122 moventem3

129 3124 225 3178 Genua
241 3128 343 3195 labant,
360 3131 467 3196 gelidus
485 3133 621 3185 concrevit
638 3133 739 3200 frigore
758 3134 874 3201 sanguis.
939 3149 982 3190 aas

129 3197 197 3252 Tum
215 3201 284 3268 lapis
300 3205 359 3272 ipsc
376 3206 433 3272 viri,
451 3223 565 3262 vacuum
582 3209 729 3277 perinane
747 3209 861 3278 volutus,
