2232 3556
115 122 161 173 274
346 121 375 168 P.
394 121 547 169 VERGILI
565 121 734 170 MARONIS'

114 201 281 271 Respiciunt,
300 203 445 270 totumque
463 201 554 255 adlabi
572 201 704 256 classibus
722 219 832 271 aequor.

114 278 205 332 Ardet
222 294 292 346 apex
310 277 400 345 capiti,
419 277 566 346 cristisque
583 294 600 330 a
618 278 720 332 vertice
738 278 847 332 flamma
929 294 965 334 aro

113 354 258 422 Funditur,
276 357 305 407 et
323 357 415 407 vastos
433 353 516 406 umbo
534 353 620 408 vomit
638 370 738 408 aureus
756 354 858 422 ignisz.

112 431 137 484 N
140 447 175 482 on
193 446 276 495 secus,
294 447 325 482 ae
344 429 448 497 liquida
466 429 489 482 si
507 430 615 498 quando
633 433 712 483 nocte
730 435 853 486 cometae

112 506 259 574 Sanguinei
277 505 394 573 lugubre
412 505 518 572 rubent,
537 509 586 559 aut
604 506 690 559 Sirius
707 507 798 574 ardor,

113 584 164 637 llle
183 583 257 636 sitim
274 581 439 650 morbosque
457 582 548 635 ferens
566 581 727 635 mortalibus
745 583 843 653 aegris,

112 659 240 714 Nascitur
257 661 286 711 et
303 657 380 711 laevo
398 657 544 711 contristat
561 657 664 711 lumine
681 658 793 713 caelum.
927 669 967 712 aus

146 735 231 789 Haud
248 737 341 788 tamen
359 734 456 788 audaci
475 734 565 786 Turno
583 733 684 788 fiducia
700 735 783 788 cessit

112 811 206 864 Litora
222 811 388 878 praecipere,
406 813 435 863 et
452 809 587 864 venientis
604 810 707 878 pellere
725 814 806 864 terra.

110 887 203 956 [Ultro
221 887 325 940 animos
342 885 415 940 tollit
433 886 522 953 dictis,
542 889 625 955 atque
643 887 767 956 increpat
784 887 884 959 ultro:]

112 963 191 1028 Quod
209 963 281 1016 votis
299 963 422 1030 optastis,
441 962 528 1028 adest,
546 962 718 1032 perfringere
737 963 843 1018 deutra.

112 1039 144 1093 ln
162 1039 287 1093 manibus
306 1038 381 1092 Mars
399 1039 466 1106 ipse,
485 1039 546 1092 viri.
582 1038 662 1092 Nune
680 1038 800 1106 coniugis
818 1043 878 1094 esto
924 1053 965 1094 aso
1013 1041 1023 1060 “

112 1115 232 1184 Quisque
250 1131 315 1168 suae
332 1110 455 1183 tectique
473 1131 594 1179 memor;
611 1131 685 1168 nune
702 1126 801 1183 magua
818 1117 921 1170 referto

112 1191 200 1258 Tacta,
218 1195 327 1260 patrum
346 1191 449 1244 laudes.
484 1191 565 1244 Ultro
583 1206 756 1244 occurramus
772 1191 809 1244 ad
826 1191 936 1260 undam,

111 1268 183 1322 Dum
200 1268 313 1338 trepidi,
333 1267 490 1336 egressique
508 1265 602 1320 labant
619 1267 737 1335 vestigia
753 1267 851 1336 prima.

112 1345 248 1398 Audentis
266 1345 389 1398 Fortuna
406 1344 490 1397 iuvat.

114 1422 187 1476 llaec
205 1422 251 1488 ait,
271 1425 300 1474 et
317 1437 409 1474 seeum
427 1423 526 1487 versat,
545 1435 613 1487 quos
632 1419 732 1474 ducere
750 1425 853 1488 contra,
924 1433 965 1474 aso

113 1498 162 1551 Vel
181 1497 280 1566 quibus
298 1496 423 1550 obsessos
440 1495 528 1563 possit
546 1495 709 1549 concredere
726 1512 826 1550 muros.

144 1574 255 1627 Interea
273 1573 381 1626 Aeneas
399 1572 485 1625 socios
503 1571 539 1625 de
556 1571 693 1640 puppibus
711 1572 775 1625 altis

110 1649 243 1702 Pontibus
261 1647 381 1716 exponit.
418 1647 501 1701 Multi
520 1664 629 1701 servare
647 1664 774 1702 recursus

109 1725 277 1792 Languentis
295 1723 392 1793 pelagi,
412 1727 442 1778 et
459 1723 589 1776 brevibus
606 1740 637 1778 se
654 1723 767 1778 credere
785 1726 868 1789 salam

109 1801 163 1855 Per
180 1818 269 1854 remos
287 1801 340 1854 alii.
376 1800 538 1868 Speculatus
555 1800 636 1854 litora
655 1799 783 1864 Tarchon,
921 1815 960 1854 aeo

109 1877 169 1942 Qua
185 1878 256 1932 vada
273 1894 327 1931 non
346 1877 451 1945 spirant
468 1893 518 1930 nec
535 1876 622 1929 fracta
639 1887 825 1930 remurmurat
841 1877 922 1942 unda,

108 1953 163 2007 Sed
181 1970 256 2007 mare
274 1953 434 2006 inoffensum
452 1951 585 2006 crescenti
603 1951 743 2004 adlabitur
759 1958 845 2020 aestu,

108 2029 241 2084 Advertit
259 2029 349 2084 subito
366 2045 470 2098 proras,
490 2028 631 2096 sociosque
649 2031 790 2096 precatur:

107 2105 133 2157 N
135 2123 193 2170 unc,
211 2123 227 2159 o
244 2106 316 2159 lecta
333 2121 437 2171 manus,
455 2104 553 2157 validis
570 2103 721 2158 incumbite
738 2105 838 2170 remis;

107 2181 212 2248 Tollite,
229 2182 301 2236 ferte
319 2186 408 2246 rates3
425 2179 562 2234 inimicam
581 2179 678 2234 findite
696 2181 793 2234 rostris
921 2197 958 2237 aas

108 2257 187 2311 Hanc
203 2261 315 2325 terram,
334 2257 493 2324 sulcumque
512 2255 563 2308 sibi
581 2258 689 2323 premat
706 2255 766 2324 ipsa
783 2257 884 2311 canna.

107 2333 245 2401 Frangere
262 2349 312 2386 uec
329 2332 378 2386 tali
397 2332 509 2400 puppim
528 2332 647 2386 statione
664 2347 766 2400 recuso,

107 2411 229 2477 Arrepta
245 2409 345 2462 tellure
363 2409 457 2462 semel.
494 2407 570 2472 Quae
587 2409 655 2462 talia
671 2417 817 2476 postquam

106 2486 211 2540 Effatus
230 2484 359 2549 Tarchon,
377 2483 442 2538 socii
459 2500 624 2552 consurgere
641 2485 727 2538 tonsis

106 2561 318 2630 spumantisque
336 2563 412 2613 rates
430 2560 502 2614 arvis
519 2560 621 2614 inferre
640 2561 751 2626 Latinis,
919 2577 958 2615 atro

108 2638 198 2691 Donec
215 2642 305 2691 rostra
322 2639 419 2690 tenent
437 2636 537 2689 siecum
556 2640 584 2690 et
602 2637 698 2691 sedere
716 2637 823 2692 carinae

105 2713 207 2767 Omnes
225 2713 362 2768 innocuae.
399 2711 455 2766 Sed
472 2729 525 2765 non
543 2713 643 2781 puppis
660 2717 717 2778 tua,
736 2713 864 2767 Tarchon.

104 2791 230 2859 Namque
248 2789 351 2844 inflicta
368 2787 446 2842 vadis
464 2788 545 2842 dorso
563 2789 629 2842 dum
648 2790 752 2858 pendet
769 2789 871 2858 iniquo,

105 2869 216 2936 Anceps
234 2868 389 2920 sustentata
406 2864 461 2932 diu,
480 2865 633 2934 fluctusque
650 2866 757 2934 fatigat,

103 2943 231 3010 Solvitur,
249 2947 333 3010 atque
349 2943 422 2996 viros
440 2941 538 2995 mediis
556 2943 667 3010 exponit
685 2943 713 2996 in
731 2942 827 3008 undis;
919 2957 956 2996 aas

104 3017 251 3086 Fragmina
269 3035 407 3072 remorum
426 3034 494 3085 quos
512 3021 541 3070 et
559 3017 694 3072 fluitantia
712 3023 834 3072 transtra

150 3095 261 3163 ediunt,
279 3095 450 3163 retrahitque
468 3093 567 3162 pedem
586 3093 665 3146 simul
683 3095 757 3148 unda
775 3093 908 3147 relabens.

194 3189 196 3200 ¹
215 3171 337 3224 Turnum
355 3170 445 3237 segnis
463 3170 565 3222 retinet
584 3185 673 3234 mora;
691 3171 740 3224 sed
757 3170 831 3238 rapit
848 3186 912 3224 acer
