2274 3554
116 134 162 180 122
378 130 560 180 AENEIDOS
583 131 652 179 LIB.
678 132 715 180 11.

116 212 169 264 Ser
188 229 232 264 mc
250 227 348 278 magna
367 210 449 263 deum
469 211 602 264 Genetrix
621 212 663 264 his
681 212 789 266 detinet
808 216 871 268 nris.

116 289 229 355 Iamque
247 287 314 352 veie,
334 291 362 340 et
381 287 437 340 nati
457 305 535 340 serva
553 290 704 342 eommunis
723 307 852 345 aurorem.

117 366 193 418 Haec
206 363 252 416 ubi
266 364 339 416 dieta
352 362 438 428 dedit,
451 363 639 418 lacrimantem
650 369 678 418 et
688 367 775 420 multa
785 366 923 420 volentem
939 380 974 420 ree

117 444 213 497 Dicere
231 441 360 508 deseruit,
380 441 523 508 tenuisque
542 443 657 494 recessit
675 443 703 496 in
722 460 810 496 auras.

116 521 170 574 'Per
187 523 299 573 conatus
316 517 354 571 ibi
371 517 439 571 colle
457 517 523 570 dare
542 517 666 572 bracchia
684 520 799 574 circum:

116 600 168 653 Ter
184 599 287 651 frustra
305 612 455 664 conprensa
473 611 568 648 manus
588 594 684 664 effugit
702 597 800 665 image,

117 675 171 730 Per
188 675 292 728 levibus
309 674 398 727 ventis
416 671 573 740 volucrique
593 673 729 726 simillima
747 690 848 728 somne.

151 753 193 807 Sic
212 753 321 806 demum
341 751 426 804 socies
444 756 604 819 consumpta
622 755 702 804 necte
720 751 815 806 revise.
937 763 971 804 79⁵

118 832 211 898 Atque
228 829 272 880 hic
289 829 429 899 ingentem
447 828 577 881 comitum
595 827 743 881 adfluxisse
761 843 891 882 noverum

119 907 230 960 Invenio
248 905 386 958 admirans
404 922 553 968 numerum,
571 909 735 974 matresque,
754 905 887 971 virosque,

117 983 264 1037 Collectam
283 982 377 1036 exsilio
394 981 503 1052 pubem,
521 982 676 1036 miserabile
694 982 795 1050 volgus.

117 1059 245 1130 Undique
263 1076 421 1126 convenere,
439 1060 536 1113 animis
554 1059 703 1128 opibusque
721 1059 818 1128 parati,

118 1138 150 1190 In
168 1153 353 1206 quascumque
370 1137 452 1190 velim
470 1138 566 1206 pelago
584 1136 721 1190 deducere
739 1140 834 1190 terras.
934 1149 969 1188 see

118 1215 232 1283 Iamque
249 1215 320 1283 iugis
338 1231 458 1268 aumnrae
476 1213 606 1282 surgebat
625 1213 733 1266 Lucifer
751 1214 820 1267 Idae

119 1291 300 1360 Ducebatque
318 1292 399 1359 diem,
419 1292 560 1359 Danaique
578 1290 689 1343 obsessa
706 1289 838 1343 tenebant

118 1365 224 1420 Limina
242 1373 389 1435 portarum,
408 1384 457 1420 nee
475 1383 536 1435 spes
554 1367 613 1434 epis
630 1366 685 1418 ulla
703 1365 835 1430 dabatur;

118 1443 194 1498 (lessi
212 1447 241 1496 et
258 1442 366 1496 sublato
384 1442 485 1495 mentis
501 1443 626 1510 genitore
643 1441 735 1510 petivi.
