2234 3554
116 76 162 129 236
353 81 381 128 Ρ.
401 81 552 130 VERGILI
571 85 735 134 MARONIS

116 159 175 212 Iam
194 163 253 213 tum
271 161 366 227 religio
384 160 497 228 pavidos
515 163 639 217 terrebat
657 165 772 232 agrestis

115 234 182 288 Dira
200 236 266 301 loci;
284 237 337 289 iam
355 240 415 290 tum
433 238 527 291 silvam
546 257 696 309 saxumque
713 241 877 296 tremebant.
928 255 961 295 ssa

115 311 176 365 Hoc
194 330 295 380 nemus,
314 315 391 381 hunc,
410 315 505 382 iuquit,
524 316 651 370 frondoso
670 319 772 371 vortice
791 319 893 386 collem,

115 389 180 452 Quis
195 389 263 442 deus
277 391 411 444 incertum
426 394 476 457 est,
492 391 598 444 habitat
616 393 698 458 dcus;
717 394 841 447 Arcades
856 395 946 463 ipsum

114 465 236 519 Credunt
254 483 284 520 se
302 467 401 520 vidisse
421 467 522 535 Iovem,
541 485 602 520 curn
621 487 701 537 saepe
720 471 875 538 nigrantem

113 542 220 609 Aegida
238 547 396 596 concuteret
415 543 520 610 dextra,
540 545 701 614 nimbosque
719 548 809 600 cieret.

113 617 189 672 Haec
207 619 261 671 duo
279 624 423 687 praeterea
441 619 560 674 disiectis
579 622 678 689 oppida
696 623 786 689 muris,
926 637 959 676 ess

112 693 250 763 Reliquias
268 699 446 764 veterumque
464 696 542 750 vides
561 702 736 751 monumenta
753 699 878 752 virorum.

112 770 189 824 Hanc
209 771 291 824 ianus
308 775 394 839 pater,
412 771 481 825 hanc
499 773 632 826 Saturnus
651 775 773 828 condidit
791 791 895 840 urceum

111 846 260 900 Ianiculum
278 847 348 911 huic,
367 847 406 899 illi
424 848 513 902 lucrat
532 849 660 903 Saturnia
677 868 782 903 nornen.

110 923 217 977 Talibus
235 925 307 977 inter
325 941 354 977 se
372 925 452 978 dictis
471 925 506 978 ad
524 929 598 978 tecta
616 926 745 979 subibant

110 998 239 1066 Pauperis
258 1000 386 1066 Euandri,
406 1003 562 1070 passimque
581 1007 706 1054 armenta
723 1002 853 1055 videbant
921 1016 957 1054 auu

109 1075 284 1146 Romanoque
302 1078 361 1130 foro
380 1089 409 1132 et
427 1079 508 1130 lautis
526 1081 631 1145 mugire
651 1079 762 1132 Carinis.

108 1152 147 1206 Ut
165 1158 275 1207 ventum
294 1154 330 1206 ad
348 1155 440 1207 sedes:
465 1155 549 1221 llaec,
567 1155 662 1222 inquit,
681 1154 773 1207 limina
789 1154 876 1207 victor

108 1229 219 1282 Alcides
238 1229 327 1296 subiit,
346 1230 413 1284 haec
432 1231 508 1282 illum
527 1231 601 1298 regia
619 1231 697 1300 cepit.

108 1305 195 1373 Aude,
214 1306 320 1374 hospes,
338 1311 512 1360 contemnere
531 1324 602 1375 opes,
622 1311 650 1360 et
668 1310 697 1360 te
717 1322 826 1374 quoque
844 1304 956 1372 dIgnum

108 1381 192 1448 linge
210 1381 269 1449 dec,
288 1382 424 1450 rebusque
442 1383 503 1434 veni
521 1399 574 1434 non
593 1399 672 1450 asper
690 1383 790 1450 egenis.
919 1395 956 1434 ses

107 1457 188 1525 Dixit,
208 1461 237 1510 et
254 1459 363 1524 augusti
382 1457 476 1510 subter
494 1459 602 1525 fastigia
620 1459 687 1510 tecti

107 1533 250 1600 Ingentem
270 1534 382 1586 Aenean
401 1532 486 1598 duxit,
506 1535 654 1602 stratisque
674 1534 770 1588 locarit

105 1609 236 1662 llllultum
254 1610 324 1662 foliis
342 1614 371 1663 ct
388 1609 459 1678 pelle
479 1610 626 1678 Libystidis
644 1628 731 1664 ursae.

140 1686 164 1738 N
167 1703 201 1739 ox
219 1687 282 1753 ruit,
300 1689 329 1738 et
346 1686 428 1740 fuscis
445 1686 570 1740 tellurem
589 1687 765 1756 amplectitur
782 1686 839 1739 alis

105 1764 145 1816 At
158 1761 251 1816 Venus
264 1761 337 1814 haud
350 1763 439 1815 animo
452 1764 616 1831 nequiquam
630 1763 763 1816 exterrita
775 1765 870 1828 mater,
917 1774 953 1816 aru

104 1837 324 1906 Laurentumque
342 1839 422 1892 minis
441 1843 470 1892 et
488 1839 557 1892 duro
575 1843 649 1892 mota
667 1839 785 1891 tumultu

104 1913 253 1968 Volcanum
271 1915 434 1983 adloquitur,
452 1915 627 1984 thalamoque
645 1915 712 1967 baec
729 1913 850 1980 coniugis
868 1929 952 1967 aureo

103 1990 210 2059 Incipit,
229 1995 257 2044 et
276 1991 355 2044 dictis
374 1992 495 2044 divinum
513 1991 636 2059 adspirat
655 2007 787 2043 amorem:

102 2066 173 2120 Dum
191 2067 262 2121 bello
282 2068 404 2136 Argolici
422 2068 567 2121 vastabant
587 2067 720 2134 Pergama
738 2081 816 2132 reges

102 2142 203 2197 Debita
221 2161 383 2213 casurasque
401 2144 515 2196 inimicis
533 2143 641 2210 ignibus
659 2159 741 2208 arces,
915 2154 952 2196 sse

101 2220 162 2273 Non
180 2221 264 2273 ullum
282 2221 412 2274 auxilium
431 2221 542 2287 miseris,
561 2236 614 2272 non
633 2236 708 2272 arma
725 2217 818 2286 rogavi

102 2297 179 2349 Artis
197 2297 310 2364 opisque
328 2300 406 2360 tuae;
426 2313 476 2348 nec
494 2300 530 2362 te,
550 2295 687 2348 carissime
706 2295 829 2360 coniunx,

101 2372 272 2425 Incassumve
291 2375 352 2424 tuos
370 2372 441 2424 volui
460 2389 588 2425 exercere
606 2370 720 2437 labores,

101 2449 227 2511 Quamvis
246 2450 275 2500 et
295 2447 395 2500 Priami
414 2448 543 2501 deberem
562 2447 679 2516 plurima
696 2446 774 2510 natis,

101 2525 136 2578 Ilt
154 2524 252 2576 durum
272 2526 382 2577 Aeneae
400 2524 534 2578 flevissem
552 2541 634 2592 saepe
652 2523 779 2576 laborem.
912 2535 949 2574 sse

100 2600 125 2652 N
128 2617 177 2653 unc
197 2601 269 2653 lovis
287 2601 397 2668 inperiis
417 2600 579 2654 Rutulorum
598 2599 720 2653 constitit
737 2599 804 2650 oris:

98 2675 170 2744 Ergo
188 2677 284 2730 eadem
302 2678 416 2744 supplex
435 2678 519 2744 venio,
538 2680 567 2730 et
585 2679 708 2730 sanctum
726 2674 794 2728 mibi
811 2688 911 2724 numen

100 2753 186 2805 Arma
203 2770 276 2820 rogo,
295 2753 421 2820 genetrix
439 2757 510 2806 nato.
548 2754 585 2805 Tc
604 2753 660 2805 iilia
678 2751 769 2818 Nerei,

98 2827 136 2880 'Ie
154 2830 243 2896 potuit
261 2828 378 2880 lacrimis
397 2829 520 2882 Tithonia
538 2829 649 2880 flectcre
668 2828 789 2880 conlunx.

98 2904 203 2969 Aspice,
222 2905 269 2971 qui
287 2907 382 2956 coeant
400 2904 499 2970 populi,
519 2919 589 2969 quae
608 2903 713 2954 moenia
731 2901 828 2955 clausis
907 2916 945 2956 sse

97 2977 211 3030 Ferrum
231 2983 328 3032 acuant
347 2979 432 3046 portis
450 2979 477 3029 in
496 2994 539 3029 me
558 2978 761 3044 exscidiumque
779 2993 908 3030 meorum.

97 3051 218 3119 Dixerat,
237 3060 266 3106 et
284 3055 369 3106 niveis
386 3054 448 3105 hinc
467 3057 551 3120 atque
569 3052 631 3104 bine
649 3053 711 3105 diva
729 3053 839 3106 lacertis

97 3125 274 3180 siunctanteia
293 3128 419 3194 amplexu
436 3127 509 3178 molli
527 3127 606 3179 fovet.
645 3127 695 3180 llle
713 3131 827 3196 repente
