2234 3554
355 153 540 203 susumus
557 153 627 204 LIB.
650 152 728 201 VIII.
924 155 967 202 281

121 235 153 290 Fit
171 251 255 301 mare,
274 232 349 302 quod
367 249 456 302 supra,
474 235 596 292 teneant.
614 231 743 302 quodque
761 232 849 287 adluit
866 233 945 288 infra

121 311 222 380 Accipe
240 311 331 378 daque
349 309 440 362 fidem.
477 309 547 362 Sunt
564 308 643 362 ncb‘us
658 309 742 370 fortia
759 309 832 364 bello
934 323 973 364 uc

120 389 242 454 Pectora,
260 390 325 440 siant
342 386 424 439 animi
443 390 472 439 et
490 386 574 438 rebus
591 390 715 454 spectata
732 386 867 440 iuventus

120 462 235 516 Dixerat
252 464 369 516 Aeneas
407 463 458 515 Ille
476 478 508 515 os
525 463 671 531 oculosque
688 462 825 530 loquentis

120 537 283 593 Iamdudum
300 543 330 593 et
347 543 437 594 totum
455 538 591 592 lustrabat
608 539 709 592 lumine
728 555 834 607 corpus.

119 615 186 670 'lum
204 617 242 670 sic
259 633 346 686 pauca
364 617 461 670 refert:
482 617 522 670 Ut
539 619 575 682 te,
594 616 744 670 fortissime
761 616 902 683 Teucrum,

120 692 234 762 Accipio
250 693 442 762 adgnoscoque
459 691 560 746 libens!
579 697 610 746 ut
628 692 713 746 verba
730 693 853 761 parentis
936 705 973 746 lto

120 769 156 822 Et
172 785 266 822 vocem
285 769 421 822 Anchisae
439 773 531 838 magni
549 770 707 838 voltumque
723 768 865 822 recordor!

120 845 189 898 Nam
208 846 318 899 memini
337 847 474 900 Hesionae
492 847 624 900 visentem
642 863 727 914 regna
745 845 845 898 sororis

120 921 367 976 Laomedontiaden
388 924 533 991 Priamum,
552 924 688 978 Salamina
704 927 853 992 petentem,

119 997 248 1052 Protinus
266 1000 403 1053 Arcadiae
420 999 526 1067 gelidos
543 1001 660 1053 invisere
678 1000 747 1054 finis.

119 1074 186 1128 'lum
203 1076 269 1128 mihi
287 1077 375 1144 prima
391 1093 476 1144 genas
494 1076 613 1129 vestibat
630 1077 697 1128 flore
715 1076 841 1139 iuventam
935 1087 973 1128 ιω

118 1149 295 1220 Miraturque
313 1152 397 1205 duces
415 1153 539 1218 Teucros,
558 1152 680 1206 mirabar
696 1154 727 1206 et
743 1152 832 1219 ipsum

119 1227 383 1294 Laomedontiadcn;
400 1229 450 1282 sed
467 1229 572 1282 cunctis
589 1229 671 1282 altior
687 1227 746 1282 ibat

119 1305 261 1358 Anchises.
298 1305 366 1358 Mihi
384 1321 462 1358 mens
478 1305 596 1359 iuvenali
613 1303 728 1358 ardebat
746 1321 839 1358 amore

120 1379 289 1449 Compellare
306 1383 401 1448 Virmn,
420 1385 449 1435 et
467 1382 584 1435 dextrae
602 1382 767 1449 coniungere
783 1380 927 1445 dextram

120 1457 237 1524 neceni,
256 1460 285 1511 et
302 1458 418 1525 cupidus
437 1457 538 1512 Phenei
557 1457 609 1512 sub
626 1457 735 1512 moenia
751 1456 824 1511 duxi.
935 1471 974 1509 rm

120 1531 172 1587 Ille
189 1534 255 1587 mihi
272 1535 405 1602 insignem
417 1535 581 1602 ¹pharetram
600 1535 751 1604 Lyciasque
768 1534 883 1601 sagittas

120 1607 271 1664 Discedens
289 1610 514 1680 chlamydemque
533 1629 599 1664 auro
617 1612 696 1664 dedit
712 1610 897 1677 intertextam,

122 1684 263 1755 Frenaque
279 1686 352 1754 bina,
368 1705 446 1740 meus
463 1705 532 1756 quae
550 1706 622 1742 nunc
639 1687 731 1754 habet,
750 1703 839 1752 aurea,
859 1686 953 1742 Pallas

122 1761 193 1830 llrgo
210 1767 247 1830 et,
263 1780 344 1832 quam
362 1765 462 1832 petitis,
480 1765 571 1818 iuncta
590 1769 633 1818 est
650 1764 717 1816 mihi
735 1763 847 1816 foedere
865 1763 970 1828 dextra,

121 1835 163 1904 Et,
181 1838 227 1890 lux
245 1855 307 1891 cum
325 1839 444 1906 primum
461 1840 547 1892 terris
563 1857 592 1893 se
609 1841 730 1894 crastina
746 1839 854 1906 reddet,
935 1851 973 1891 171

121 1913 232 1966 Auxilio
247 1913 335 1966 laetos
352 1913 497 1980 dimittam,
517 1915 669 1982 opibusque
686 1915 791 1968 iuvabo.

10 1997 12 2012 f
121 1988 232 2041 Interea
250 2004 328 2042 sacra
344 1989 418 2054 haec,
437 1989 548 2056 quando
563 1989 616 2041 huc
634 1990 747 2043 venistis
763 1991 851 2057 amici,

122 2065 227 2130 Annua,
246 2080 316 2131 quae
334 2063 444 2116 differre
461 2065 545 2129 nefas,
565 2065 702 2116 celebrate
718 2065 842 2117 faventes

120 2139 276 2205 Nobiscum,
294 2143 324 2192 et
341 2138 395 2190 iam
413 2155 484 2191 nime
501 2139 634 2192 sociorum
651 2140 804 2194 adsuescite
822 2139 929 2194 mensis

155 2215 232 2269 Haec
248 2215 295 2268 ubi
313 2215 393 2282 dicta,
411 2214 496 2283 dapes
514 2214 592 2267 iubet
610 2219 640 2268 et
656 2215 764 2268 sublata
780 2215 876 2284 reponi
936 2230 973 2270 17⁵

122 2293 228 2361 Pocula,
244 2293 439 2361 gramineoque
457 2291 531 2344 viros
547 2291 619 2346 locat
635 2292 695 2360 ipsc
712 2291 800 2353 sedili,

121 2370 355 2438 Praecipuumque
372 2372 434 2422 turo
451 2371 481 2422 et
498 2368 584 2422 villosi
601 2368 674 2436 pelle
690 2367 777 2421 leonis

121 2446 230 2514 Accipit
249 2450 370 2512 Aenean,
389 2446 510 2514 solioque
526 2445 625 2498 invitat
642 2461 748 2498 acerno.

120 2523 187 2576 Tum
205 2523 269 2577 lecti
286 2525 397 2578 iuvenes
414 2523 542 2576 certatim
560 2539 679 2591 araeque
698 2521 827 2576 sacerdos

10 2645 11 2674 p
122 2599 233 2653 Viscera
242 2601 577 2666 tostaferunttauronrm,
590 2601 757 2666 onerantque
775 2598 901 2652 canistris
935 2611 973 2652 18⁰

122 2676 200 2730 Dona
217 2675 357 2730 laboratae
376 2676 491 2742 Cereris,
510 2675 702 2742 Bacchumque
719 2675 885 2728 ministrant.

125 2752 250 2806 Vescitur
269 2754 378 2806 Aeneas
394 2752 473 2804 simul
492 2755 522 2806 et
539 2751 654 2804 Troiana
671 2751 800 2804 iuventus

121 2829 251 2897 Perpetui
268 2833 348 2897 tergo
364 2828 442 2882 bovis
460 2832 491 2882 et
507 2826 669 2880 lustralibus
685 2827 765 2880 extis.

156 2906 305 2974 Postquam
317 2909 445 2973 exempta
457 2906 543 2958 fames
554 2908 583 2957 et
594 2919 671 2955 amor
682 2918 851 2970 compressus
863 2901 972 2976 edendi,

121 2981 180 3035 Rex
201 2982 344 3034 Euandrus
362 2983 415 3034 ait:
432 2981 495 3034 Nou
513 2981 581 3034 haec
598 2978 739 3042 sollemnia
755 2977 839 3044 nobis,
934 2993 972 3032 ret

121 3057 182 3112 Has
199 3075 233 3111 ex
252 3074 327 3112 more
347 3057 439 3125 dapes,
457 3057 527 3112 hanc
543 3057 614 3110 tanti
632 3055 750 3108 numinis
768 3070 843 3106 aram

119 3135 199 3188 Vana
218 3133 375 3202 superstitio
393 3137 571 3201 veterumrqne
588 3133 683 3199 ignara
700 3131 814 3184 deorum

123 3211 256 3280 Inposuit:
275 3211 371 3277 saevis,
388 3209 487 3278 hospes
504 3209 627 3276 Troiane,
645 3207 756 3276 periclis
