2234 3554
408 135 590 183 AENEIDOS
607 133 675 186 LIB.
694 134 757 186 VII.
972 135 1019 184 219

162 216 271 286 Stipitis
287 214 331 270 hic
349 215 455 282 gravidi
474 215 567 280 nodis;
586 215 661 282 quod
680 215 779 284 cuique
796 215 939 283 repertum

164 293 292 358 Rimanti,
311 291 397 344 telum
414 291 456 344 ira
472 291 545 344 facit.
584 291 673 344 Vocat
691 291 800 358 agmina
817 290 961 358 Tyrrheus,

164 367 354 434 Quadrifidam
374 383 506 436 quercum
524 367 618 420 cuneis
635 371 667 421 ut
684 367 756 420 forte
773 366 874 420 coactis

164 444 320 512 Scindebat,
338 448 418 513 rapta
435 443 541 512 spirans
559 444 668 497 inmane
687 442 781 496 securi
982 454 1020 496 sto

166 524 205 574 At
222 536 304 575 saeva
321 536 337 572 e
355 519 471 588 speculis
488 523 598 588 tempus
615 519 668 572 dea
685 521 766 572 nacta
783 517 898 572 nocendi

168 597 263 650 Ardua
280 599 355 650 tecta
371 597 441 664 petit
459 595 569 663 stabuli,
587 599 617 649 et
635 595 670 648 de
689 594 806 648 culmine
823 610 929 648 summo

171 671 306 726 i'astorale
324 671 398 726 canit
415 673 530 739 signum,
548 688 686 740 cornuque
706 687 818 724 recurvo

174 750 323 802 tartaream
340 748 461 802 intendit
478 765 579 816 vocem,
597 765 653 816 qua
670 747 794 816 protinus
812 763 892 800 omne

166 824 338 876 dentremuit
355 840 450 877 nemus
468 827 497 877 et
514 824 597 878 silvae
614 825 758 878 insonuere
775 821 942 891 profundam
980 831 1019 880 51⁵

170 897 263 952 Audiit
281 903 310 954 et
328 899 433 954 Triviae
450 900 530 968 longe
547 900 636 965 lacus3
653 899 741 953 audiit
758 899 845 952 amnis

166 975 290 1030 Sullurea
310 975 367 1028 Nar
384 975 462 1030 albus
479 977 712 1044 squalentesque
730 975 828 1040 Velini,

165 1050 202 1104 Elt
219 1052 345 1120 trepidae
363 1057 464 1106 matres
482 1069 607 1121 pressere
623 1052 660 1106 ad
677 1056 791 1121 pectora
808 1054 893 1106 natos

166 1127 235 1182 'lum
253 1145 317 1182 vero
335 1128 372 1182 ad
390 1145 483 1182 rocem
501 1129 611 1197 celeres,
629 1145 683 1197 qua
700 1128 800 1182 bucina
817 1127 924 1196 signum
1022 1185 1023 1190 χ

166 1203 233 1258 Dira
250 1203 336 1271 dedit,
354 1205 442 1273 raptis
459 1209 621 1260 concurrunt
639 1204 760 1272 undique
776 1203 841 1258 telis
976 1221 1014 1261 sac

169 1279 301 1334 Indomiti
319 1280 469 1348 agricolae;
487 1297 537 1334 nee
554 1297 608 1334 non
626 1284 655 1334 et
673 1280 753 1334 Troia
770 1278 857 1348 pubes

171 1357 288 1410 Ascanio
305 1357 436 1410 auxilium
453 1358 550 1412 castris
567 1357 683 1411 effimdit
701 1356 811 1429 apertis.

169 1431 300 1486 Direxere
317 1433 394 1486 acies.
430 1433 455 1486 N
458 1450 493 1488 on
510 1435 564 1488 iam
582 1434 731 1488 certamine
749 1432 860 1502 agresti,

169 1508 314 1578 Stipitibus
332 1509 408 1564 duris
426 1511 517 1579 agitur
534 1509 681 1564 sudibusve
697 1509 840 1579 praeustis,

170 1585 225 1638 Sed
242 1585 314 1640 ferro
333 1587 444 1656 ancipiti
462 1587 620 1654 decernunt,
638 1591 754 1656 atraque
772 1587 828 1642 late
980 1585 1017 1630 ⁶2⁶

172 1662 313 1716 Horrescit
330 1663 433 1717 strictis
451 1681 529 1732 seges
546 1663 664 1731 ensibus,
682 1680 801 1733 aeraque
819 1661 925 1730 fulgent

170 1738 232 1792 Sole
248 1738 381 1806 lacessita,
400 1743 429 1793 et
446 1740 534 1794 lucem
552 1740 604 1794 sub
620 1740 714 1794 nubila
730 1740 848 1794 iactant:

171 1813 281 1868 Fluctus
299 1815 339 1867 uti
356 1815 444 1882 primo
461 1816 551 1883 coepit
568 1832 629 1870 cnm
647 1816 785 1870 albescere
802 1820 892 1882 vento,

172 1889 305 1942 Paulatim
323 1905 382 1942 sese
400 1890 473 1944 tollit
490 1907 565 1945 mare
583 1894 613 1944 et
630 1891 713 1944 altius
730 1892 818 1946 undas

173 1965 267 2032 llrigit,
285 1964 351 2017 inde
369 1965 424 2016 imo
441 1966 581 2032 consurgit
598 1966 634 2018 ad
652 1966 765 2020 aethera
780 1967 872 2020 fundo.
982 1981 1019 2022 oso

175 2040 226 2093 llic
242 2040 346 2092 iuvenis
363 2039 479 2106 primam
497 2044 560 2092 ante
577 2040 663 2094 aciem
681 2041 816 2096 stridente
834 2042 941 2109 sagitta,

174 2115 305 2169 Natorum
323 2113 436 2181 Tyrrhei
453 2115 543 2168 dierat
561 2116 608 2182 qui
626 2132 776 2180 maxumus,
796 2117 883 2179 Almo,

172 2191 328 2256 Sternitur3
345 2190 434 2244 haesit
452 2191 524 2244 enim
543 2191 594 2243 sul)
611 2195 725 2259 gutture
742 2193 837 2246 volnus
856 2197 885 2246 et
901 2193 973 2246 udae

173 2268 253 2322 Vocis
270 2267 324 2322 iter
341 2272 507 2336 tenuemque
525 2267 634 2320 inclusit
651 2268 781 2334 sanguine
799 2269 890 2324 vitans

172 2345 291 2414 Corpora
308 2344 395 2398 multa
412 2345 500 2398 virum
518 2344 596 2408 circa,
615 2344 759 2412 seniorque
777 2344 915 2410 Galaesus,
982 2359 1020 2400 aas

173 2421 242 2474 Dum
260 2420 320 2489 paci
337 2420 457 2474 medium
475 2437 505 2474 se
523 2421 608 2484 offert,
626 2420 791 2476 iustissimus
808 2439 878 2476 unus

172 2497 223 2562 Qui
240 2497 292 2551 fuit
311 2498 494 2567 Armeniisque
512 2497 576 2551 olim
594 2496 745 2552 ditissimus
762 2499 848 2554 arvis:

172 2573 297 2643 Quinque
313 2590 410 2642 greges
428 2574 467 2627 illi
485 2573 631 2642 balantum,
651 2575 734 2642 quina
751 2575 880 2632 redibant

174 2652 312 2718 Armenta,
331 2654 361 2704 et
377 2655 480 2704 terram
498 2655 608 2705 eentum
625 2651 753 2706 vertebat
770 2653 874 2706 aratris

205 2727 300 2796 Atque
312 2743 345 2780 ea
355 2744 405 2796 per
416 2743 525 2796 campos
535 2744 622 2795 aequo
635 2727 700 2782 dnm
713 2727 803 2782 Marte
814 2733 955 2798 geruntur,
983 2742 1020 2784 sto

172 2803 300 2856 Promissi
317 2802 369 2856 dea
386 2803 458 2856 facta
475 2807 580 2872 potens,
598 2803 645 2858 ubi
663 2805 793 2870 sanguine
810 2804 911 2858 bellum

172 2877 276 2932 Imbuit
293 2882 322 2934 et
339 2879 444 2948 primae
461 2879 595 2933 commisit
612 2879 708 2934 funera
725 2896 840 2948 pugnae,

171 2955 282 3009 Deserit
300 2955 470 3023 Hesperiam,
488 2959 518 3008 et
535 2956 603 3010 caeli
620 2972 749 3010 conversa
765 2972 816 3024 per
832 2971 912 3010 auras

174 3032 303 3084 lunonem
320 3031 418 3086 victrix
436 3031 546 3085 adfatur
563 3048 629 3086 voce
647 3031 777 3101 superba:

171 3108 220 3175 lln,
238 3107 360 3177 perfecta
376 3107 429 3162 tibi
446 3107 517 3162 bello
535 3108 672 3163 discordia
689 3109 778 3175 tristi;
983 3123 1021 3168 sle

173 3185 275 3306 Dialem
292 3177 440 3241 amicitiam
457 3188 555 3240 coeant
572 3188 603 3240 et
619 3185 730 3240 foedera
748 3186 869 3256 iungant.
