2242 3550
112 118 144 166 7⁰
340 117 369 166 P.
389 117 544 166 VERGILI
566 113 732 164 MARONIS

113 196 210 266 Eripe;
227 214 281 250 non
299 197 352 252 illis
371 199 514 268 quisquam
533 198 723 253 cunctantibus
741 195 828 250 altum

112 273 158 328 Ire
176 275 231 327 iter
248 278 296 328 aut
314 275 410 328 castris
429 275 542 329 audebit
561 275 661 327 vellere
679 274 763 341 signe.

112 351 233 404 Invitent
252 351 352 404 croceis
370 352 491 405 halantes
510 351 620 403 floribus
639 350 718 415 horti,

112 427 149 480 lit
167 431 257 480 eustos
274 428 364 480 furum
383 433 466 496 atque
484 428 573 480 auium
592 444 651 479 cum
671 426 739 478 falce
756 423 862 490 saligna
931 439 965 476 11a

114 503 326 571 Hellespontiaci
343 509 436 556 seruet
454 504 542 556 tutela
562 503 658 570 Priapi.

113 580 176 648 Ipse
194 580 316 648 thymum
335 581 468 648 pinosque
486 580 576 632 ferens
595 579 630 634 de
648 579 788 632 montibus
805 576 868 630 altis

112 656 195 710 Tecta
214 660 288 710 serat
306 656 361 710 late
379 657 488 722 circum,
506 657 548 708 eui
567 656 633 708 talia
649 672 745 718 curae;

113 730 177 802 Ipse
195 733 289 786 labore
306 749 416 786 manum
435 732 504 785 duro
522 737 603 800 terat,
621 733 680 800 ipse
698 732 795 784 feracis

112 809 193 877 Figat
211 810 292 862 humo
311 809 418 877 plantas
435 813 465 862 et
482 809 582 862 amieos
598 809 700 876 inriget
717 806 821 860 imbris.
929 817 965 857 ne

147 887 241 953 Atque
260 886 395 954 equidem,
412 889 537 939 extremo
554 886 582 937 ni
601 885 654 937 iam
672 883 723 936 sub
741 883 794 934 fine
813 880 935 934 laborum

112 960 183 1015 Vela
200 962 306 1016 traham
326 965 354 1014 et
372 962 454 1015 terris
473 962 598 1015 festinem
616 960 761 1014 advertero
779 973 895 1026 proram,

113 1037 238 1092 Forsitan
257 1042 293 1104 et,
312 1039 418 1107 pinguis
437 1038 530 1090 hortos
548 1054 618 1106 quae
636 1053 700 1090 eura
717 1033 824 1088 colendi

113 1115 238 1178 Ornaret,
257 1131 388 1177 canerem,
407 1114 541 1182 biferique
560 1114 661 1166 rosaria
682 1111 780 1177 Paesti,

112 1191 227 1258 Quoque
245 1191 326 1244 modo
344 1192 416 1259 potis
434 1190 585 1257 gauderent
604 1189 689 1242 intiba
707 1187 770 1240 rivis
932 1197 967 1236 iso

114 1267 150 1320 nt
168 1267 270 1320 virides
288 1269 348 1336 apio
367 1268 449 1335 ripae,
469 1270 614 1334 tortusque
632 1282 681 1332 per
698 1263 810 1316 herbam

111 1343 255 1396 Oreseeret
274 1344 302 1396 in
322 1347 443 1396 ventrem
464 1343 597 1405 cucumis3
615 1359 664 1394 nee
682 1358 743 1394 sera
760 1342 912 1392 comantem

114 1419 269 1472 Narcissum
287 1425 336 1472 aut
354 1419 418 1472 fleri
436 1419 582 1471 tacuissem
601 1419 689 1470 vimen
708 1416 816 1470 acanthi

114 1495 299 1563 Pallentisque
317 1495 433 1548 hederas
452 1499 480 1548 et
499 1495 614 1547 amantis
632 1494 712 1546 litora
730 1496 839 1561 myrtos.

112 1571 238 1639 Namque
257 1572 307 1625 sub
327 1571 454 1624 Oebaliae
473 1570 583 1623 memini
602 1587 646 1623 me
664 1570 785 1623 turribus
803 1567 873 1633 altis,
931 1577 964 1617 isa

113 1648 173 1712 Qua
191 1649 268 1715 niger
286 1648 425 1701 humectat
444 1646 571 1699 ilaventia
590 1647 663 1700 culta
682 1646 821 1710 (inlaesus,

113 1726 254 1792 Corycium
273 1724 374 1778 vidisse
392 1741 493 1791 senem,
509 1724 555 1776 cui
573 1740 660 1792 pauca
678 1722 765 1776 relicti

115 1801 216 1868 Iugera
235 1801 306 1854 ruris
325 1804 410 1867 erant,
430 1817 480 1854 nec
498 1799 595 1853 fertilis
613 1799 659 1852 illa
677 1799 802 1864 iuvencis,

114 1877 138 1929 N
142 1894 172 1930 ec
190 1878 281 1946 pecori
299 1881 451 1946 opportuna
469 1894 553 1945 aegea,
573 1892 622 1929 nee
640 1875 782 1928 commoda
801 1873 915 1926 llaecho-

117 1954 168 2007 llic
186 1971 277 2006 rarum
296 1958 387 2007 tririen
405 1955 432 2006 in
451 1953 541 2006 dumis
560 1953 618 2005 olus
637 1951 751 2018 albaque
769 1951 869 2003 circum
933 1963 968 2004 1³0

115 2030 182 2083 Lilia
200 2030 386 2099 verbenasque
404 2047 530 2099 premens
548 2045 711 2096 vescumque
731 2043 856 2095 papaver,

115 2107 220 2174 Regum
239 2107 375 2176 aequabat
392 2125 458 2175 opes
477 2108 581 2174 animis,
601 2123 715 2174 seraque
734 2107 875 2158 revertens

115 2183 139 2235 N
141 2187 201 2236 oete
220 2183 329 2236 domum
349 2183 465 2252 dapibus
483 2201 590 2236 mensas
608 2182 741 2235 onerabat
758 2179 892 2247 inemptis.

116 2259 222 2312 Primus
240 2277 303 2314 uere
322 2277 411 2313 rosam
427 2265 513 2328 atque
531 2265 660 2313 autumno
678 2274 789 2324 carpere
806 2271 895 2324 poma,

115 2336 151 2390 Et
168 2354 229 2390 curn
248 2338 336 2390 tristis
354 2337 459 2405 hiemps
478 2337 626 2389 etiamnum
645 2335 746 2402 frigore
764 2349 829 2386 saxa
934 2344 968 2384 las

115 2411 267 2482 Rumperet
285 2417 313 2468 et
331 2413 417 2480 glacie
435 2429 530 2465 cursus
548 2412 669 2464 frenaret
687 2427 828 2478 aquarum,

116 2489 166 2542 llle
184 2507 288 2543 comam
307 2489 396 2542 mollis
414 2490 468 2540 iam
487 2486 620 2540 tondebat
639 2486 783 2554 hyacinthi,

117 2567 259 2620 Aestatem
277 2566 443 2632 increpitans
462 2581 549 2618 seram
568 2564 755 2632 zephyrosque
774 2563 913 2614 morantis.

117 2642 187 2710 lirgo
205 2642 302 2710 apibus
321 2641 382 2694 fetis
400 2641 473 2694 idem
492 2645 576 2709 atque
594 2641 718 2693 examine
737 2638 825 2692 multo

118 2718 223 2770 Primus
242 2717 382 2772 abundare
401 2722 430 2770 et
449 2718 602 2785 spumantia
621 2734 717 2784 cogere
735 2714 835 2784 pressis
933 2725 968 2766 iso

116 2794 198 2846 Mella
216 2794 299 2859 sarim
315 2795 354 2847 illi
373 2795 448 2847 tiliae
468 2799 551 2863 atque
570 2793 708 2846 uberrima
725 2792 819 2861 pinus,

116 2870 241 2939 Quotquo
261 2871 289 2924 in
308 2871 373 2924 flore
393 2887 461 2924 novo
480 2871 567 2940 pomis
586 2887 615 2922 se
634 2869 731 2923 fertilis
749 2867 830 2921 arbos

117 2945 256 3014 Induerat,
276 2947 392 3002 totidem
411 2951 540 3000 autumno
559 2951 667 3000 matura
685 2944 804 2999 tenebat.

117 3023 167 3077 llle
185 3024 267 3078 etiam
286 3041 360 3078 seras
378 3025 406 3078 in
424 3041 532 3078 versum
553 3024 662 3078 distulit
681 3023 767 3076 ulmos

117 3099 291 3171 Eduramque
309 3103 398 3170 pirum
416 3105 445 3154 et
464 3102 555 3169 spinos
573 3102 626 3154 iam
646 3117 731 3168 puina
750 3097 864 3152 ferentis
935 3111 969 3150 isa

116 3175 230 3247 lamque
248 3178 450 3232 ministrantem
469 3178 609 3246 platanum
629 3175 786 3245 potantibus
804 3173 921 3228 umbras.
