<?xml version="1.0" encoding="UTF-8"?>
<!DOCTYPE html PUBLIC "-//W3C//DTD XHTML 1.0 Transitional//EN"
    "http://www.w3.org/TR/xhtml1/DTD/xhtml1-transitional.dtd">
<html xmlns="http://www.w3.org/1999/xhtml" xml:lang="en" lang="en">
 <head>
  <title>
</title>
<meta http-equiv="Content-Type" content="text/html;charset=utf-8" />
  <meta name='ocr-system' content='tesseract 3.04.00' />
  <meta name='ocr-capabilities' content='ocr_page ocr_carea ocr_par ocr_line ocrx_word'/>
</head>
<body>
  <div class='ocr_page' id='page_1' title='image "./operaexrecensio02virggoog_0293.png"; bbox 0 0 2232 3556; ppageno 0'>
   <div class='ocr_carea' id='block_1_1' title="bbox 335 135 1102 188">
    <p class='ocr_par' dir='ltr' id='par_1_1' title="bbox 335 135 1102 188">
     <span class='ocr_line' id='line_1_1' title="bbox 335 135 1102 188; baseline 0.014 -10"><span class='ocrx_word' id='word_1_1' title='bbox 335 173 336 176; x_wconf 72' lang='grc'>,</span> <span class='ocrx_word' id='word_1_2' title='bbox 447 135 523 182; x_wconf 86' lang='lat' dir='ltr'><strong>AEN</strong></span> <span class='ocrx_word' id='word_1_3' title='bbox 526 135 631 184; x_wconf 82' lang='lat' dir='ltr'>EIDOS</span> <span class='ocrx_word' id='word_1_4' title='bbox 649 137 717 185; x_wconf 90' lang='lat' dir='ltr'><strong>LIB.</strong></span> <span class='ocrx_word' id='word_1_5' title='bbox 736 137 770 185; x_wconf 90' lang='lat' dir='ltr'><strong>X.</strong></span> <span class='ocrx_word' id='word_1_6' title='bbox 966 139 1012 188; x_wconf 79' lang='lat' dir='ltr'><strong>ael</strong></span> <span class='ocrx_word' id='word_1_7' title='bbox 1101 144 1102 152; x_wconf 76' lang='grc'>’</span> 
     </span>
    </p>
   </div>
   <div class='ocr_carea' id='block_1_2' title="bbox 160 218 1016 3263">
    <p class='ocr_par' dir='ltr' id='par_1_2' title="bbox 160 218 1014 502">
     <span class='ocr_line' id='line_1_2' title="bbox 160 218 925 288; baseline 0.003 -16"><span class='ocrx_word' id='word_1_8' title='bbox 160 219 351 286; x_wconf 76' lang='lat' dir='ltr'><strong>canitiemque</strong></span> <span class='ocrx_word' id='word_1_9' title='bbox 369 219 420 272; x_wconf 94' lang='lat' dir='ltr'><strong>sibi</strong></span> <span class='ocrx_word' id='word_1_10' title='bbox 440 223 469 274; x_wconf 92' lang='lat' dir='ltr'><strong>et</strong></span> <span class='ocrx_word' id='word_1_11' title='bbox 486 219 582 286; x_wconf 88' lang='lat' dir='ltr'><strong>longos</strong></span> <span class='ocrx_word' id='word_1_12' title='bbox 599 218 765 286; x_wconf 82' lang='lat' dir='ltr'><strong>promiserat</strong></span> <span class='ocrx_word' id='word_1_13' title='bbox 783 227 925 288; x_wconf 86' lang='lat' dir='ltr'><strong>sunos&#39;;—</strong></span> 
     </span>
     <span class='ocr_line' id='line_1_3' title="bbox 160 293 1014 363; baseline 0.006 -16"><span class='ocrx_word' id='word_1_14' title='bbox 160 294 306 363; x_wconf 79' lang='lat' dir='ltr'><strong>Tarquitus</strong></span> <span class='ocrx_word' id='word_1_15' title='bbox 325 297 464 350; x_wconf 79' lang='lat' dir='ltr'>exsultans</span> <span class='ocrx_word' id='word_1_16' title='bbox 482 300 577 350; x_wconf 88' lang='lat' dir='ltr'><strong>contra</strong></span> <span class='ocrx_word' id='word_1_17' title='bbox 595 293 764 362; x_wconf 72' lang='lat' dir='ltr'><strong>fulgentibus</strong></span> <span class='ocrx_word' id='word_1_18' title='bbox 782 298 872 363; x_wconf 85' lang='lat' dir='ltr'><strong>armis,</strong></span> <span class='ocrx_word' id='word_1_19' title='bbox 979 311 1014 352; x_wconf 79' lang='grc'><strong>555</strong></span> 
     </span>
     <span class='ocr_line' id='line_1_4' title="bbox 160 370 910 442; baseline 0.004 -17"><span class='ocrx_word' id='word_1_20' title='bbox 160 371 301 425; x_wconf 86' lang='lat' dir='ltr'><strong>Silvieclae</strong></span> <span class='ocrx_word' id='word_1_21' title='bbox 321 371 412 426; x_wconf 75' lang='lat' dir='ltr'><strong>l&#39;auno</strong></span> <span class='ocrx_word' id='word_1_22' title='bbox 432 374 540 442; x_wconf 88' lang='lat' dir='ltr'>Dryope</span> <span class='ocrx_word' id='word_1_23' title='bbox 559 387 641 439; x_wconf 92' lang='lat' dir='ltr'><strong>quem</strong></span> <span class='ocrx_word' id='word_1_24' title='bbox 659 370 778 438; x_wconf 87' lang='lat' dir='ltr'><strong>nympha</strong></span> <span class='ocrx_word' id='word_1_25' title='bbox 796 377 910 442; x_wconf 87' lang='lat' dir='ltr'><strong>crearat,</strong></span> 
     </span>
     <span class='ocr_line' id='line_1_5' title="bbox 161 446 823 502; baseline 0 -2"><span class='ocrx_word' id='word_1_26' title='bbox 161 447 265 500; x_wconf 88' lang='lat' dir='ltr'><strong>Obvius</strong></span> <span class='ocrx_word' id='word_1_27' title='bbox 284 447 392 501; x_wconf 89' lang='lat' dir='ltr'><strong>ardenti</strong></span> <span class='ocrx_word' id='word_1_28' title='bbox 413 465 472 502; x_wconf 91' lang='lat' dir='ltr'><strong>sese</strong></span> <span class='ocrx_word' id='word_1_29' title='bbox 491 447 600 500; x_wconf 92' lang='lat' dir='ltr'><strong>obtulit.</strong></span> <span class='ocrx_word' id='word_1_30' title='bbox 639 446 690 499; x_wconf 89' lang='lat' dir='ltr'><strong>llle</strong></span> <span class='ocrx_word' id='word_1_31' title='bbox 709 446 823 500; x_wconf 86' lang='lat' dir='ltr'><strong>reducta</strong></span> 
     </span>
    </p>

    <p class='ocr_par' dir='ltr' id='par_1_3' title="bbox 161 522 876 593">
     <span class='ocr_line' id='line_1_6' title="bbox 161 522 876 593; baseline 0.001 -17"><span class='ocrx_word' id='word_1_32' title='bbox 161 523 285 576; x_wconf 77' lang='lat' dir='ltr'><strong>Loricam</strong></span> <span class='ocrx_word' id='word_1_33' title='bbox 304 524 438 593; x_wconf 82' lang='lat' dir='ltr'><strong>clipeique</strong></span> <span class='ocrx_word' id='word_1_34' title='bbox 456 525 551 592; x_wconf 91' lang='lat' dir='ltr'><strong>iugens</strong></span> <span class='ocrx_word' id='word_1_35' title='bbox 569 539 637 575; x_wconf 90' lang='lat' dir='ltr'><strong>onus</strong></span> <span class='ocrx_word' id='word_1_36' title='bbox 655 522 764 592; x_wconf 84' lang='lat' dir='ltr'><strong>inpedit</strong></span> <span class='ocrx_word' id='word_1_37' title='bbox 782 523 876 588; x_wconf 90' lang='lat' dir='ltr'><strong>hasta;</strong></span> 
     </span>
    </p>

    <p class='ocr_par' dir='ltr' id='par_1_4' title="bbox 160 600 1015 822">
     <span class='ocr_line' id='line_1_7' title="bbox 160 600 928 668; baseline 0.001 -15"><span class='ocrx_word' id='word_1_38' title='bbox 160 601 229 653; x_wconf 74' lang='lat' dir='ltr'><strong>&#39;lum</strong></span> <span class='ocrx_word' id='word_1_39' title='bbox 247 603 329 667; x_wconf 91' lang='lat' dir='ltr'><strong>caput</strong></span> <span class='ocrx_word' id='word_1_40' title='bbox 347 601 450 653; x_wconf 89' lang='lat' dir='ltr'><strong>orantis</strong></span> <span class='ocrx_word' id='word_1_41' title='bbox 467 600 633 668; x_wconf 90' lang='lat' dir='ltr'><strong>nequiquam</strong></span> <span class='ocrx_word' id='word_1_42' title='bbox 652 603 681 653; x_wconf 93' lang='lat' dir='ltr'><strong>et</strong></span> <span class='ocrx_word' id='word_1_43' title='bbox 698 600 787 653; x_wconf 90' lang='lat' dir='ltr'><strong>multa</strong></span> <span class='ocrx_word' id='word_1_44' title='bbox 804 600 928 668; x_wconf 89' lang='lat' dir='ltr'><strong>parantis</strong></span> 
     </span>
     <span class='ocr_line' id='line_1_8' title="bbox 161 676 1015 744; baseline 0.007 -16"><span class='ocrx_word' id='word_1_45' title='bbox 161 676 258 730; x_wconf 84' lang='lat' dir='ltr'><strong>Dicere</strong></span> <span class='ocrx_word' id='word_1_46' title='bbox 277 676 408 729; x_wconf 90' lang='lat' dir='ltr'><strong>deturbat</strong></span> <span class='ocrx_word' id='word_1_47' title='bbox 425 681 524 741; x_wconf 86' lang='lat' dir='ltr'><strong>terrae,</strong></span> <span class='ocrx_word' id='word_1_48' title='bbox 543 681 726 744; x_wconf 89' lang='lat' dir='ltr'><strong>truncumque</strong></span> <span class='ocrx_word' id='word_1_49' title='bbox 745 679 887 744; x_wconf 89' lang='lat' dir='ltr'><strong>tepentem</strong></span> <span class='ocrx_word' id='word_1_50' title='bbox 980 694 1015 734; x_wconf 79' lang='grc'><strong>555</strong></span> 
     </span>
     <span class='ocr_line' id='line_1_9' title="bbox 162 753 875 822; baseline 0.003 -17"><span class='ocrx_word' id='word_1_51' title='bbox 162 753 325 806; x_wconf 82' lang='lat' dir='ltr'><strong>Provolvens</strong></span> <span class='ocrx_word' id='word_1_52' title='bbox 343 770 425 822; x_wconf 89' lang='lat' dir='ltr'><strong>super</strong></span> <span class='ocrx_word' id='word_1_53' title='bbox 442 754 510 807; x_wconf 90' lang='lat' dir='ltr'><strong>haee</strong></span> <span class='ocrx_word' id='word_1_54' title='bbox 527 753 636 805; x_wconf 89' lang='lat' dir='ltr'><strong>inimico</strong></span> <span class='ocrx_word' id='word_1_55' title='bbox 654 756 766 821; x_wconf 86' lang='lat' dir='ltr'><strong>pectore</strong></span> <span class='ocrx_word' id='word_1_56' title='bbox 782 754 875 808; x_wconf 84' lang='lat' dir='ltr'><strong>fatur:</strong></span> 
     </span>
    </p>

    <p class='ocr_par' dir='ltr' id='par_1_5' title="bbox 161 829 1001 1050">
     <span class='ocr_line' id='line_1_10' title="bbox 161 829 965 899; baseline 0.001 -18"><span class='ocrx_word' id='word_1_57' title='bbox 161 829 229 882; x_wconf 89' lang='lat' dir='ltr'><strong>Istic</strong></span> <span class='ocrx_word' id='word_1_58' title='bbox 246 846 324 896; x_wconf 90' lang='lat' dir='ltr'><strong>nunc,</strong></span> <span class='ocrx_word' id='word_1_59' title='bbox 343 831 498 896; x_wconf 86' lang='lat' dir='ltr'><strong>metuende,</strong></span> <span class='ocrx_word' id='word_1_60' title='bbox 515 831 580 882; x_wconf 87' lang='lat' dir='ltr'><strong>iace.</strong></span> <span class='ocrx_word' id='word_1_61' title='bbox 617 829 679 881; x_wconf 92' lang='lat' dir='ltr'><strong>Non</strong></span> <span class='ocrx_word' id='word_1_62' title='bbox 697 833 726 882; x_wconf 87' lang='lat' dir='ltr'><strong>te</strong></span> <span class='ocrx_word' id='word_1_63' title='bbox 745 833 858 899; x_wconf 87' lang='lat' dir='ltr'><strong>optuma</strong></span> <span class='ocrx_word' id='word_1_64' title='bbox 876 834 965 883; x_wconf 89' lang='lat' dir='ltr'><strong>mater</strong></span> 
     </span>
     <span class='ocr_line' id='line_1_11' title="bbox 161 903 1001 974; baseline -0.001 -16"><span class='ocrx_word' id='word_1_65' title='bbox 161 904 268 958; x_wconf 82' lang='lat' dir='ltr'><strong>Condat</strong></span> <span class='ocrx_word' id='word_1_66' title='bbox 286 905 375 973; x_wconf 90' lang='lat' dir='ltr'><strong>humo,</strong></span> <span class='ocrx_word' id='word_1_67' title='bbox 394 906 538 974; x_wconf 87' lang='lat' dir='ltr'><strong>patrioque</strong></span> <span class='ocrx_word' id='word_1_68' title='bbox 556 903 683 958; x_wconf 82' lang='lat' dir='ltr'><strong>onerabit</strong></span> <span class='ocrx_word' id='word_1_69' title='bbox 700 905 824 958; x_wconf 89' lang='lat' dir='ltr'><strong>membra</strong></span> <span class='ocrx_word' id='word_1_70' title='bbox 842 906 1001 974; x_wconf 89' lang='lat' dir='ltr'><strong>sepulchro:</strong></span> 
     </span>
     <span class='ocr_line' id='line_1_12' title="bbox 163 979 851 1050; baseline 0.001 -16"><span class='ocrx_word' id='word_1_71' title='bbox 163 979 285 1034; x_wconf 89' lang='lat' dir='ltr'><strong>Alitibus</strong></span> <span class='ocrx_word' id='word_1_72' title='bbox 303 981 427 1050; x_wconf 87' lang='lat' dir='ltr'><strong>linquere</strong></span> <span class='ocrx_word' id='word_1_73' title='bbox 445 981 518 1047; x_wconf 85' lang='lat' dir='ltr'><strong>feris,</strong></span> <span class='ocrx_word' id='word_1_74' title='bbox 537 984 586 1033; x_wconf 90' lang='lat' dir='ltr'><strong>aut</strong></span> <span class='ocrx_word' id='word_1_75' title='bbox 603 982 712 1047; x_wconf 83' lang='lat' dir='ltr'><strong>gurgite</strong></span> <span class='ocrx_word' id='word_1_76' title='bbox 731 999 851 1035; x_wconf 76' lang='lat' dir='ltr'><strong>auersum</strong></span> 
     </span>
    </p>

    <p class='ocr_par' dir='ltr' id='par_1_6' title="bbox 161 1057 1016 1355">
     <span class='ocr_line' id='line_1_13' title="bbox 161 1057 1016 1127; baseline 0.002 -17"><span class='ocrx_word' id='word_1_77' title='bbox 161 1057 242 1111; x_wconf 90' lang='lat' dir='ltr'><strong>Unda</strong></span> <span class='ocrx_word' id='word_1_78' title='bbox 260 1058 338 1123; x_wconf 85' lang='lat' dir='ltr'><strong>seret,</strong></span> <span class='ocrx_word' id='word_1_79' title='bbox 355 1059 496 1127; x_wconf 79' lang='lat' dir='ltr'><strong>piscesque</strong></span> <span class='ocrx_word' id='word_1_80' title='bbox 513 1057 613 1124; x_wconf 80' lang='lat' dir='ltr'><strong>inpasti</strong></span> <span class='ocrx_word' id='word_1_81' title='bbox 631 1058 740 1111; x_wconf 88' lang='lat' dir='ltr'><strong>volnera</strong></span> <span class='ocrx_word' id='word_1_82' title='bbox 757 1058 886 1112; x_wconf 82' lang='lat' dir='ltr'><strong>lambent.</strong></span> <span class='ocrx_word' id='word_1_83' title='bbox 979 1074 1016 1112; x_wconf 83' lang='grc'><strong>555</strong></span> 
     </span>
     <span class='ocr_line' id='line_1_14' title="bbox 162 1133 973 1202; baseline 0 -16"><span class='ocrx_word' id='word_1_84' title='bbox 162 1134 290 1188; x_wconf 90' lang='lat' dir='ltr'><strong>Protinus</strong></span> <span class='ocrx_word' id='word_1_85' title='bbox 309 1137 448 1188; x_wconf 80' lang='lat' dir='ltr'><strong>Antaeum</strong></span> <span class='ocrx_word' id='word_1_86' title='bbox 467 1138 497 1188; x_wconf 89' lang='lat' dir='ltr'><strong>et</strong></span> <span class='ocrx_word' id='word_1_87' title='bbox 515 1134 625 1201; x_wconf 91' lang='lat' dir='ltr'><strong>Lucam,</strong></span> <span class='ocrx_word' id='word_1_88' title='bbox 644 1135 732 1202; x_wconf 89' lang='lat' dir='ltr'><strong>prima</strong></span> <span class='ocrx_word' id='word_1_89' title='bbox 751 1135 862 1202; x_wconf 88' lang='lat' dir='ltr'><strong>agmina</strong></span> <span class='ocrx_word' id='word_1_90' title='bbox 880 1133 973 1202; x_wconf 86' lang='lat' dir='ltr'><strong>Turni,</strong></span> 
     </span>
     <span class='ocr_line' id='line_1_15' title="bbox 162 1210 1007 1280; baseline 0 -18"><span class='ocrx_word' id='word_1_91' title='bbox 162 1210 348 1280; x_wconf 86' lang='lat' dir='ltr'><strong>Persequitur,</strong></span> <span class='ocrx_word' id='word_1_92' title='bbox 361 1212 516 1279; x_wconf 82' lang='lat' dir='ltr'><strong>fortemque</strong></span> <span class='ocrx_word' id='word_1_93' title='bbox 529 1211 656 1276; x_wconf 87' lang='lat' dir='ltr'><strong>Numam,</strong></span> <span class='ocrx_word' id='word_1_94' title='bbox 670 1211 829 1280; x_wconf 81' lang='lat' dir='ltr'><strong>fulvumque</strong></span> <span class='ocrx_word' id='word_1_95' title='bbox 844 1211 1007 1277; x_wconf 80' lang='lat' dir='ltr'><strong>Camertem,</strong></span> 
     </span>
     <span class='ocr_line' id='line_1_16' title="bbox 161 1286 864 1355; baseline 0 -16"><span class='ocrx_word' id='word_1_96' title='bbox 161 1286 335 1354; x_wconf 82' lang='lat' dir='ltr'><strong>Magnanimo</strong></span> <span class='ocrx_word' id='word_1_97' title='bbox 354 1286 501 1341; x_wconf 88' lang='lat' dir='ltr'><strong>Volseente</strong></span> <span class='ocrx_word' id='word_1_98' title='bbox 520 1290 616 1352; x_wconf 86' lang='lat' dir='ltr'><strong>satum,</strong></span> <span class='ocrx_word' id='word_1_99' title='bbox 635 1287 787 1340; x_wconf 90' lang='lat' dir='ltr'><strong>ditissimus</strong></span> <span class='ocrx_word' id='word_1_100' title='bbox 806 1288 864 1355; x_wconf 90' lang='lat' dir='ltr'><strong>agri</strong></span> 
     </span>
    </p>

    <p class='ocr_par' dir='ltr' id='par_1_7' title="bbox 161 1361 1015 1660">
     <span class='ocr_line' id='line_1_17' title="bbox 162 1361 931 1432; baseline 0.001 -16"><span class='ocrx_word' id='word_1_101' title='bbox 162 1363 214 1426; x_wconf 86' lang='lat' dir='ltr'><strong>Qui</strong></span> <span class='ocrx_word' id='word_1_102' title='bbox 231 1363 284 1417; x_wconf 89' lang='lat' dir='ltr'><strong>fuit</strong></span> <span class='ocrx_word' id='word_1_103' title='bbox 303 1363 481 1428; x_wconf 86' lang='lat' dir='ltr'><strong>Ausonidum,</strong></span> <span class='ocrx_word' id='word_1_104' title='bbox 499 1368 528 1416; x_wconf 89' lang='lat' dir='ltr'><strong>et</strong></span> <span class='ocrx_word' id='word_1_105' title='bbox 546 1363 639 1417; x_wconf 88' lang='lat' dir='ltr'><strong>tacitis</strong></span> <span class='ocrx_word' id='word_1_106' title='bbox 657 1363 784 1430; x_wconf 85' lang='lat' dir='ltr'><strong>regnavit</strong></span> <span class='ocrx_word' id='word_1_107' title='bbox 803 1361 931 1432; x_wconf 81' lang='lat' dir='ltr'><strong>Amyclis.</strong></span> 
     </span>
     <span class='ocr_line' id='line_1_18' title="bbox 162 1439 1015 1508; baseline 0.001 -17"><span class='ocrx_word' id='word_1_108' title='bbox 162 1439 293 1506; x_wconf 88' lang='lat' dir='ltr'><strong>Aegaeon</strong></span> <span class='ocrx_word' id='word_1_109' title='bbox 311 1440 407 1508; x_wconf 87' lang='lat' dir='ltr'><strong>qualis,</strong></span> <span class='ocrx_word' id='word_1_110' title='bbox 425 1445 536 1492; x_wconf 88' lang='lat' dir='ltr'><strong>centum</strong></span> <span class='ocrx_word' id='word_1_111' title='bbox 555 1441 598 1492; x_wconf 90' lang='lat' dir='ltr'><strong>cui</strong></span> <span class='ocrx_word' id='word_1_112' title='bbox 617 1440 743 1492; x_wconf 89' lang='lat' dir='ltr'><strong>bracchia</strong></span> <span class='ocrx_word' id='word_1_113' title='bbox 762 1440 858 1492; x_wconf 86' lang='lat' dir='ltr'><strong>dieunt</strong></span> <span class='ocrx_word' id='word_1_114' title='bbox 977 1452 1015 1492; x_wconf 82' lang='grc'><strong>555</strong></span> 
     </span>
     <span class='ocr_line' id='line_1_19' title="bbox 161 1514 913 1584; baseline 0.001 -16"><span class='ocrx_word' id='word_1_115' title='bbox 161 1514 351 1584; x_wconf 85' lang='lat' dir='ltr'><strong>Centeuasque</strong></span> <span class='ocrx_word' id='word_1_116' title='bbox 369 1532 472 1583; x_wconf 86' lang='lat' dir='ltr'><strong>manus,</strong></span> <span class='ocrx_word' id='word_1_117' title='bbox 492 1516 692 1584; x_wconf 85' lang='lat' dir='ltr'><strong>quinquaginta</strong></span> <span class='ocrx_word' id='word_1_118' title='bbox 709 1515 803 1568; x_wconf 82' lang='lat' dir='ltr'><strong>oribus</strong></span> <span class='ocrx_word' id='word_1_119' title='bbox 821 1515 913 1583; x_wconf 90' lang='lat' dir='ltr'><strong>ignem</strong></span> 
     </span>
     <span class='ocr_line' id='line_1_20' title="bbox 161 1590 920 1660; baseline 0 -16"><span class='ocrx_word' id='word_1_120' title='bbox 161 1590 376 1660; x_wconf 88' lang='lat' dir='ltr'><strong>Pectoribusquc</strong></span> <span class='ocrx_word' id='word_1_121' title='bbox 393 1593 500 1659; x_wconf 84' lang='lat' dir='ltr'><strong>arsisse,</strong></span> <span class='ocrx_word' id='word_1_122' title='bbox 520 1591 594 1644; x_wconf 90' lang='lat' dir='ltr'><strong>lovis</strong></span> <span class='ocrx_word' id='word_1_123' title='bbox 612 1609 673 1644; x_wconf 91' lang='lat' dir='ltr'><strong>cum</strong></span> <span class='ocrx_word' id='word_1_124' title='bbox 691 1592 806 1644; x_wconf 90' lang='lat' dir='ltr'><strong>fulmina</strong></span> <span class='ocrx_word' id='word_1_125' title='bbox 824 1595 920 1645; x_wconf 88' lang='lat' dir='ltr'><strong>eontra</strong></span> 
     </span>
    </p>

    <p class='ocr_par' dir='ltr' id='par_1_8' title="bbox 160 1667 958 1813">
     <span class='ocr_line' id='line_1_21' title="bbox 160 1667 958 1738; baseline -0.001 -17"><span class='ocrx_word' id='word_1_126' title='bbox 160 1667 212 1722; x_wconf 82' lang='lat' dir='ltr'><strong>&#39;lot</strong></span> <span class='ocrx_word' id='word_1_127' title='bbox 230 1669 341 1738; x_wconf 87' lang='lat' dir='ltr'><strong>paribus</strong></span> <span class='ocrx_word' id='word_1_128' title='bbox 360 1673 497 1738; x_wconf 88' lang='lat' dir='ltr'><strong>streperet</strong></span> <span class='ocrx_word' id='word_1_129' title='bbox 514 1669 615 1736; x_wconf 86' lang='lat' dir='ltr'><strong>clipeis,</strong></span> <span class='ocrx_word' id='word_1_130' title='bbox 634 1672 677 1721; x_wconf 91' lang='lat' dir='ltr'><strong>tot</strong></span> <span class='ocrx_word' id='word_1_131' title='bbox 696 1669 846 1735; x_wconf 90' lang='lat' dir='ltr'><strong>stringeret</strong></span> <span class='ocrx_word' id='word_1_132' title='bbox 865 1683 958 1721; x_wconf 90' lang='lat' dir='ltr'><strong>enses:</strong></span> 
     </span>
     <span class='ocr_line' id='line_1_22' title="bbox 160 1745 850 1813; baseline -0.003 -14"><span class='ocrx_word' id='word_1_133' title='bbox 160 1745 204 1800; x_wconf 77' lang='lat' dir='ltr'><strong>sic</strong></span> <span class='ocrx_word' id='word_1_134' title='bbox 222 1749 281 1800; x_wconf 85' lang='lat' dir='ltr'><strong>toto</strong></span> <span class='ocrx_word' id='word_1_135' title='bbox 302 1747 410 1799; x_wconf 86' lang='lat' dir='ltr'><strong>Aeneas</strong></span> <span class='ocrx_word' id='word_1_136' title='bbox 429 1746 552 1799; x_wconf 84' lang='lat' dir='ltr'><strong>desaevit</strong></span> <span class='ocrx_word' id='word_1_137' title='bbox 570 1745 598 1797; x_wconf 91' lang='lat' dir='ltr'><strong>in</strong></span> <span class='ocrx_word' id='word_1_138' title='bbox 618 1761 737 1813; x_wconf 90' lang='lat' dir='ltr'><strong>aequore</strong></span> <span class='ocrx_word' id='word_1_139' title='bbox 756 1745 850 1810; x_wconf 90' lang='lat' dir='ltr'><strong>victer,</strong></span> 
     </span>
    </p>

    <p class='ocr_par' dir='ltr' id='par_1_9' title="bbox 160 1821 1016 2039">
     <span class='ocr_line' id='line_1_23' title="bbox 160 1821 1016 1889; baseline -0.005 -14"><span class='ocrx_word' id='word_1_140' title='bbox 160 1821 201 1875; x_wconf 87' lang='lat' dir='ltr'><strong>Ut</strong></span> <span class='ocrx_word' id='word_1_141' title='bbox 219 1822 303 1875; x_wconf 87' lang='lat' dir='ltr'><strong>semel</strong></span> <span class='ocrx_word' id='word_1_142' title='bbox 321 1823 441 1889; x_wconf 89' lang='lat' dir='ltr'><strong>intepuit</strong></span> <span class='ocrx_word' id='word_1_143' title='bbox 458 1837 562 1874; x_wconf 89' lang='lat' dir='ltr'><strong>mucre.</strong></span> <span class='ocrx_word' id='word_1_144' title='bbox 600 1821 673 1884; x_wconf 82' lang='lat' dir='ltr'><strong>Quin</strong></span> <span class='ocrx_word' id='word_1_145' title='bbox 691 1838 755 1875; x_wconf 90' lang='lat' dir='ltr'><strong>eece</strong></span> <span class='ocrx_word' id='word_1_146' title='bbox 774 1821 891 1889; x_wconf 86' lang='lat' dir='ltr'><strong>Niphaei</strong></span> <span class='ocrx_word' id='word_1_147' title='bbox 979 1831 1016 1872; x_wconf 78' lang='lat'><strong>570</strong></span> 
     </span>
     <span class='ocr_line' id='line_1_24' title="bbox 161 1896 926 1964; baseline 0.003 -16"><span class='ocrx_word' id='word_1_148' title='bbox 161 1897 338 1962; x_wconf 80' lang='lat' dir='ltr'><strong>Quadriiugis</strong></span> <span class='ocrx_word' id='word_1_149' title='bbox 355 1896 384 1948; x_wconf 91' lang='lat' dir='ltr'><strong>in</strong></span> <span class='ocrx_word' id='word_1_150' title='bbox 403 1912 487 1963; x_wconf 90' lang='lat' dir='ltr'><strong>equos</strong></span> <span class='ocrx_word' id='word_1_151' title='bbox 506 1897 677 1963; x_wconf 86' lang='lat' dir='ltr'><strong>adversaque</strong></span> <span class='ocrx_word' id='word_1_152' title='bbox 694 1901 808 1964; x_wconf 86' lang='lat' dir='ltr'><strong>pectora</strong></span> <span class='ocrx_word' id='word_1_153' title='bbox 825 1896 926 1950; x_wconf 88' lang='lat' dir='ltr'><strong>tendit.</strong></span> 
     </span>
     <span class='ocr_line' id='line_1_25' title="bbox 163 1970 922 2039; baseline 0 -15"><span class='ocrx_word' id='word_1_154' title='bbox 163 1973 256 2039; x_wconf 89' lang='lat' dir='ltr'><strong>Atque</strong></span> <span class='ocrx_word' id='word_1_155' title='bbox 274 1972 321 2037; x_wconf 87' lang='lat' dir='ltr'><strong>illi,</strong></span> <span class='ocrx_word' id='word_1_156' title='bbox 341 1970 423 2037; x_wconf 92' lang='lat' dir='ltr'><strong>longe</strong></span> <span class='ocrx_word' id='word_1_157' title='bbox 440 1971 614 2037; x_wconf 87' lang='lat' dir='ltr'><strong>gradientem</strong></span> <span class='ocrx_word' id='word_1_158' title='bbox 633 1975 662 2023; x_wconf 91' lang='lat' dir='ltr'><strong>et</strong></span> <span class='ocrx_word' id='word_1_159' title='bbox 681 1972 741 2024; x_wconf 92' lang='lat' dir='ltr'><strong>dira</strong></span> <span class='ocrx_word' id='word_1_160' title='bbox 760 1972 922 2024; x_wconf 87' lang='lat' dir='ltr'><strong>frementem</strong></span> 
     </span>
    </p>

    <p class='ocr_par' dir='ltr' id='par_1_10' title="bbox 161 2046 788 2114">
     <span class='ocr_line' id='line_1_26' title="bbox 161 2046 788 2114; baseline -0.003 -14"><span class='ocrx_word' id='word_1_161' title='bbox 161 2047 202 2100; x_wconf 88' lang='lat' dir='ltr'><strong>Ut</strong></span> <span class='ocrx_word' id='word_1_162' title='bbox 220 2047 322 2113; x_wconf 88' lang='lat' dir='ltr'><strong>videre,</strong></span> <span class='ocrx_word' id='word_1_163' title='bbox 341 2050 418 2098; x_wconf 87' lang='lat' dir='ltr'><strong>metu</strong></span> <span class='ocrx_word' id='word_1_164' title='bbox 435 2046 507 2098; x_wconf 85' lang='lat' dir='ltr'><strong>versi</strong></span> <span class='ocrx_word' id='word_1_165' title='bbox 526 2051 657 2114; x_wconf 86' lang='lat' dir='ltr'><strong>retroque</strong></span> <span class='ocrx_word' id='word_1_166' title='bbox 675 2051 788 2100; x_wconf 89' lang='lat' dir='ltr'><strong>ruentes</strong></span> 
     </span>
    </p>

    <p class='ocr_par' dir='ltr' id='par_1_11' title="bbox 162 2121 1015 2482">
     <span class='ocr_line' id='line_1_27' title="bbox 162 2121 955 2190; baseline 0 -15"><span class='ocrx_word' id='word_1_167' title='bbox 162 2123 369 2190; x_wconf 79' lang='lat' dir='ltr'><strong>Effrmduntque</strong></span> <span class='ocrx_word' id='word_1_168' title='bbox 387 2121 494 2187; x_wconf 89' lang='lat' dir='ltr'><strong>ducem,</strong></span> <span class='ocrx_word' id='word_1_169' title='bbox 513 2123 678 2189; x_wconf 90' lang='lat' dir='ltr'><strong>rapiuntque</strong></span> <span class='ocrx_word' id='word_1_170' title='bbox 696 2123 732 2175; x_wconf 88' lang='lat' dir='ltr'><strong>ad</strong></span> <span class='ocrx_word' id='word_1_171' title='bbox 750 2123 832 2176; x_wconf 87' lang='lat' dir='ltr'><strong>litora</strong></span> <span class='ocrx_word' id='word_1_172' title='bbox 848 2139 955 2175; x_wconf 87' lang='lat' dir='ltr'><strong>currus.</strong></span> 
     </span>
     <span class='ocr_line' id='line_1_28' title="bbox 163 2197 1015 2266; baseline -0.001 -14"><span class='ocrx_word' id='word_1_173' title='bbox 163 2200 274 2252; x_wconf 89' lang='lat' dir='ltr'><strong>Interea</strong></span> <span class='ocrx_word' id='word_1_174' title='bbox 291 2197 392 2265; x_wconf 87' lang='lat' dir='ltr'><strong>biiugis</strong></span> <span class='ocrx_word' id='word_1_175' title='bbox 410 2197 495 2250; x_wconf 85' lang='lat' dir='ltr'><strong>infert</strong></span> <span class='ocrx_word' id='word_1_176' title='bbox 513 2214 543 2250; x_wconf 91' lang='lat' dir='ltr'><strong>se</strong></span> <span class='ocrx_word' id='word_1_177' title='bbox 562 2197 686 2266; x_wconf 86' lang='lat' dir='ltr'><strong>Lucagus</strong></span> <span class='ocrx_word' id='word_1_178' title='bbox 705 2198 774 2252; x_wconf 87' lang='lat' dir='ltr'><strong>albis</strong></span> <span class='ocrx_word' id='word_1_179' title='bbox 979 2211 1015 2251; x_wconf 84' lang='grc'><strong>575</strong></span> 
     </span>
     <span class='ocr_line' id='line_1_29' title="bbox 163 2273 914 2342; baseline -0.003 -15"><span class='ocrx_word' id='word_1_180' title='bbox 163 2276 196 2327; x_wconf 93' lang='lat' dir='ltr'><strong>ln</strong></span> <span class='ocrx_word' id='word_1_181' title='bbox 214 2275 326 2341; x_wconf 87' lang='lat' dir='ltr'><strong>medios,</strong></span> <span class='ocrx_word' id='word_1_182' title='bbox 345 2274 485 2342; x_wconf 83' lang='lat' dir='ltr'><strong>fraterque</strong></span> <span class='ocrx_word' id='word_1_183' title='bbox 505 2274 602 2342; x_wconf 88' lang='lat' dir='ltr'><strong>Liger;</strong></span> <span class='ocrx_word' id='word_1_184' title='bbox 627 2275 676 2327; x_wconf 91' lang='lat' dir='ltr'><strong>sed</strong></span> <span class='ocrx_word' id='word_1_185' title='bbox 694 2275 781 2328; x_wconf 87' lang='lat' dir='ltr'><strong>frater</strong></span> <span class='ocrx_word' id='word_1_186' title='bbox 799 2273 914 2326; x_wconf 88' lang='lat' dir='ltr'><strong>habenis</strong></span> 
     </span>
     <span class='ocr_line' id='line_1_30' title="bbox 162 2351 959 2420; baseline -0.003 -16"><span class='ocrx_word' id='word_1_187' title='bbox 162 2352 263 2406; x_wconf 86' lang='lat' dir='ltr'><strong>Flectit</strong></span> <span class='ocrx_word' id='word_1_188' title='bbox 281 2369 373 2420; x_wconf 87' lang='lat' dir='ltr'><strong>equos,</strong></span> <span class='ocrx_word' id='word_1_189' title='bbox 393 2351 520 2404; x_wconf 90' lang='lat' dir='ltr'><strong>strictum</strong></span> <span class='ocrx_word' id='word_1_190' title='bbox 539 2353 613 2404; x_wconf 88' lang='lat' dir='ltr'><strong>rotat</strong></span> <span class='ocrx_word' id='word_1_191' title='bbox 632 2367 694 2404; x_wconf 88' lang='lat' dir='ltr'><strong>acer</strong></span> <span class='ocrx_word' id='word_1_192' title='bbox 713 2352 838 2418; x_wconf 84' lang='lat' dir='ltr'><strong>Lucagus</strong></span> <span class='ocrx_word' id='word_1_193' title='bbox 856 2365 959 2403; x_wconf 90' lang='lat' dir='ltr'><strong>ensem.</strong></span> 
     </span>
     <span class='ocr_line' id='line_1_31' title="bbox 163 2427 827 2482; baseline -0.005 -1"><span class='ocrx_word' id='word_1_194' title='bbox 163 2428 245 2481; x_wconf 91' lang='lat' dir='ltr'><strong>Haud</strong></span> <span class='ocrx_word' id='word_1_195' title='bbox 263 2429 329 2482; x_wconf 92' lang='lat' dir='ltr'><strong>tulit</strong></span> <span class='ocrx_word' id='word_1_196' title='bbox 348 2429 458 2481; x_wconf 87' lang='lat' dir='ltr'><strong>Aeneas</strong></span> <span class='ocrx_word' id='word_1_197' title='bbox 476 2431 555 2481; x_wconf 87' lang='lat' dir='ltr'><strong>tanto</strong></span> <span class='ocrx_word' id='word_1_198' title='bbox 574 2427 680 2480; x_wconf 79' lang='lat' dir='ltr'><strong>fervore</strong></span> <span class='ocrx_word' id='word_1_199' title='bbox 698 2427 827 2482; x_wconf 87' lang='lat' dir='ltr'><strong>furentis:</strong></span> 
     </span>
    </p>

    <p class='ocr_par' dir='ltr' id='par_1_12' title="bbox 163 2503 817 2573">
     <span class='ocr_line' id='line_1_32' title="bbox 163 2503 817 2573; baseline -0.003 -15"><span class='ocrx_word' id='word_1_200' title='bbox 163 2505 258 2572; x_wconf 91' lang='lat' dir='ltr'><strong>Inruit,</strong></span> <span class='ocrx_word' id='word_1_201' title='bbox 277 2505 445 2573; x_wconf 88' lang='lat' dir='ltr'><strong>adversaque</strong></span> <span class='ocrx_word' id='word_1_202' title='bbox 463 2504 559 2571; x_wconf 90' lang='lat' dir='ltr'><strong>ingens</strong></span> <span class='ocrx_word' id='word_1_203' title='bbox 577 2504 705 2570; x_wconf 87' lang='lat' dir='ltr'><strong>adparuit</strong></span> <span class='ocrx_word' id='word_1_204' title='bbox 723 2503 817 2557; x_wconf 68' lang='lat' dir='ltr'><strong>hasta:</strong></span> 
     </span>
    </p>

    <p class='ocr_par' dir='ltr' id='par_1_13' title="bbox 161 2581 1016 2724">
     <span class='ocr_line' id='line_1_33' title="bbox 162 2581 1016 2650; baseline -0.006 -16"><span class='ocrx_word' id='word_1_205' title='bbox 162 2581 212 2634; x_wconf 80' lang='lat' dir='ltr'><strong>eui</strong></span> <span class='ocrx_word' id='word_1_206' title='bbox 227 2581 320 2650; x_wconf 89' lang='lat' dir='ltr'><strong>Liger:</strong></span> <span class='ocrx_word' id='word_1_207' title='bbox 980 2591 1016 2630; x_wconf 74' lang='grc'><strong>555</strong></span> 
     </span>
     <span class='ocr_line' id='line_1_34' title="bbox 161 2653 927 2724; baseline -0.003 -15"><span class='ocrx_word' id='word_1_208' title='bbox 161 2657 186 2709; x_wconf 92' lang='lat' dir='ltr'>N</span> <span class='ocrx_word' id='word_1_209' title='bbox 189 2675 223 2710; x_wconf 90' lang='lat' dir='ltr'><strong>cn</strong></span> <span class='ocrx_word' id='word_1_210' title='bbox 243 2657 384 2710; x_wconf 89' lang='lat' dir='ltr'><strong>Diomedis</strong></span> <span class='ocrx_word' id='word_1_211' title='bbox 402 2673 495 2724; x_wconf 90' lang='lat' dir='ltr'><strong>eques,</strong></span> <span class='ocrx_word' id='word_1_212' title='bbox 513 2672 563 2710; x_wconf 90' lang='lat' dir='ltr'><strong>nee</strong></span> <span class='ocrx_word' id='word_1_213' title='bbox 581 2672 691 2709; x_wconf 83' lang='lat' dir='ltr'><strong>currum</strong></span> <span class='ocrx_word' id='word_1_214' title='bbox 710 2656 800 2708; x_wconf 88' lang='lat' dir='ltr'><strong>cernis</strong></span> <span class='ocrx_word' id='word_1_215' title='bbox 819 2653 927 2718; x_wconf 90' lang='lat' dir='ltr'><strong>Achilli,</strong></span> 
     </span>
    </p>

    <p class='ocr_par' dir='ltr' id='par_1_14' title="bbox 162 2729 895 2801">
     <span class='ocr_line' id='line_1_35' title="bbox 162 2729 895 2801; baseline -0.005 -14"><span class='ocrx_word' id='word_1_216' title='bbox 162 2735 221 2787; x_wconf 86' lang='lat' dir='ltr'><strong>Aut</strong></span> <span class='ocrx_word' id='word_1_217' title='bbox 240 2733 375 2801; x_wconf 82' lang='lat' dir='ltr'><strong>Phrygiae</strong></span> <span class='ocrx_word' id='word_1_218' title='bbox 393 2748 516 2801; x_wconf 91' lang='lat' dir='ltr'><strong>campos:</strong></span> <span class='ocrx_word' id='word_1_219' title='bbox 534 2749 605 2785; x_wconf 90' lang='lat' dir='ltr'><strong>nune</strong></span> <span class='ocrx_word' id='word_1_220' title='bbox 623 2731 688 2784; x_wconf 91' lang='lat' dir='ltr'><strong>belli</strong></span> <span class='ocrx_word' id='word_1_221' title='bbox 706 2732 769 2784; x_wconf 89' lang='lat' dir='ltr'><strong>finis</strong></span> <span class='ocrx_word' id='word_1_222' title='bbox 787 2734 817 2784; x_wconf 91' lang='lat' dir='ltr'><strong>et</strong></span> <span class='ocrx_word' id='word_1_223' title='bbox 834 2729 895 2784; x_wconf 84' lang='lat' dir='ltr'><strong>aevi</strong></span> 
     </span>
    </p>

    <p class='ocr_par' dir='ltr' id='par_1_15' title="bbox 162 2801 757 2862">
     <span class='ocr_line' id='line_1_36' title="bbox 162 2801 757 2862; baseline -0.002 -1"><span class='ocrx_word' id='word_1_224' title='bbox 162 2809 215 2862; x_wconf 89' lang='lat' dir='ltr'><strong>His</strong></span> <span class='ocrx_word' id='word_1_225' title='bbox 233 2809 344 2862; x_wconf 89' lang='lat' dir='ltr'><strong>dabitur</strong></span> <span class='ocrx_word' id='word_1_226' title='bbox 362 2807 451 2862; x_wconf 89' lang='lat' dir='ltr'><strong>terris.</strong></span> <span class='ocrx_word' id='word_1_227' title='bbox 489 2807 597 2862; x_wconf 90' lang='lat' dir='ltr'><strong>Vesano</strong></span> <span class='ocrx_word' id='word_1_228' title='bbox 616 2806 683 2860; x_wconf 88' lang='lat' dir='ltr'><strong>talia</strong></span> <span class='ocrx_word' id='word_1_229' title='bbox 701 2801 757 2860; x_wconf 83' lang='lat' dir='ltr'><strong>la&#39;te</strong></span> 
     </span>
    </p>

    <p class='ocr_par' dir='ltr' id='par_1_16' title="bbox 162 2882 895 2952">
     <span class='ocr_line' id='line_1_37' title="bbox 162 2882 895 2952; baseline -0.005 -14"><span class='ocrx_word' id='word_1_230' title='bbox 162 2885 243 2939; x_wconf 89' lang='lat' dir='ltr'><strong>Dicta</strong></span> <span class='ocrx_word' id='word_1_231' title='bbox 260 2886 352 2939; x_wconf 81' lang='lat' dir='ltr'><strong>rolant</strong></span> <span class='ocrx_word' id='word_1_232' title='bbox 371 2884 468 2952; x_wconf 89' lang='lat' dir='ltr'><strong>Ligeri.</strong></span> <span class='ocrx_word' id='word_1_233' title='bbox 505 2884 561 2938; x_wconf 83' lang='lat' dir='ltr'><strong>Sed</strong></span> <span class='ocrx_word' id='word_1_234' title='bbox 579 2901 632 2937; x_wconf 93' lang='lat' dir='ltr'><strong>non</strong></span> <span class='ocrx_word' id='word_1_235' title='bbox 651 2888 681 2938; x_wconf 90' lang='lat' dir='ltr'><strong>et</strong></span> <span class='ocrx_word' id='word_1_236' title='bbox 700 2883 796 2937; x_wconf 84' lang='lat' dir='ltr'><strong>Troius</strong></span> <span class='ocrx_word' id='word_1_237' title='bbox 814 2882 895 2935; x_wconf 86' lang='lat' dir='ltr'><strong>heros</strong></span> 
     </span>
    </p>

    <p class='ocr_par' dir='ltr' id='par_1_17' title="bbox 162 2959 1015 3185">
     <span class='ocr_line' id='line_1_38' title="bbox 162 2959 1015 3030; baseline -0.009 -15"><span class='ocrx_word' id='word_1_238' title='bbox 162 2962 243 3015; x_wconf 87' lang='lat' dir='ltr'><strong>Dicta</strong></span> <span class='ocrx_word' id='word_1_239' title='bbox 254 2966 334 3030; x_wconf 89' lang='lat' dir='ltr'><strong>parat</strong></span> <span class='ocrx_word' id='word_1_240' title='bbox 347 2966 457 3024; x_wconf 85' lang='lat' dir='ltr'><strong>eontra;</strong></span> <span class='ocrx_word' id='word_1_241' title='bbox 475 2962 590 3014; x_wconf 89' lang='lat' dir='ltr'><strong>iaculum</strong></span> <span class='ocrx_word' id='word_1_242' title='bbox 605 2979 667 3014; x_wconf 87' lang='lat' dir='ltr'><strong>narn</strong></span> <span class='ocrx_word' id='word_1_243' title='bbox 680 2963 794 3029; x_wconf 90' lang='lat' dir='ltr'><strong>torquet</strong></span> <span class='ocrx_word' id='word_1_244' title='bbox 806 2960 835 3012; x_wconf 93' lang='lat' dir='ltr'><strong>in</strong></span> <span class='ocrx_word' id='word_1_245' title='bbox 847 2959 963 3012; x_wconf 85' lang='lat' dir='ltr'><strong>hostem.</strong></span> <span class='ocrx_word' id='word_1_246' title='bbox 979 2969 1015 3008; x_wconf 84' lang='grc'><strong>555</strong></span> 
     </span>
     <span class='ocr_line' id='line_1_39' title="bbox 163 3037 851 3106; baseline -0.003 -15"><span class='ocrx_word' id='word_1_247' title='bbox 163 3037 287 3106; x_wconf 88' lang='lat' dir='ltr'><strong>Lucagus</strong></span> <span class='ocrx_word' id='word_1_248' title='bbox 304 3041 336 3090; x_wconf 89' lang='lat' dir='ltr'><strong>ut</strong></span> <span class='ocrx_word' id='word_1_249' title='bbox 354 3055 456 3106; x_wconf 69' lang='lat' dir='ltr'><strong>pronus</strong></span> <span class='ocrx_word' id='word_1_250' title='bbox 474 3038 596 3106; x_wconf 89' lang='lat' dir='ltr'><strong>pendens</strong></span> <span class='ocrx_word' id='word_1_251' title='bbox 615 3038 642 3090; x_wconf 91' lang='lat' dir='ltr'><strong>in</strong></span> <span class='ocrx_word' id='word_1_252' title='bbox 662 3038 777 3091; x_wconf 88' lang='lat' dir='ltr'><strong>verbera</strong></span> <span class='ocrx_word' id='word_1_253' title='bbox 796 3037 851 3090; x_wconf 89' lang='lat' dir='ltr'><strong>telo</strong></span> 
     </span>
     <span class='ocr_line' id='line_1_40' title="bbox 163 3114 851 3185; baseline -0.003 -17"><span class='ocrx_word' id='word_1_254' title='bbox 163 3114 315 3168; x_wconf 85' lang='lat' dir='ltr'><strong>Admonuit</strong></span> <span class='ocrx_word' id='word_1_255' title='bbox 332 3115 446 3183; x_wconf 86' lang='lat' dir='ltr'><strong>biiuges,</strong></span> <span class='ocrx_word' id='word_1_256' title='bbox 464 3115 587 3185; x_wconf 91' lang='lat' dir='ltr'><strong>proiecto</strong></span> <span class='ocrx_word' id='word_1_257' title='bbox 607 3115 672 3168; x_wconf 91' lang='lat' dir='ltr'><strong>dum</strong></span> <span class='ocrx_word' id='word_1_258' title='bbox 685 3114 757 3184; x_wconf 90' lang='lat' dir='ltr'><strong>pede</strong></span> <span class='ocrx_word' id='word_1_259' title='bbox 775 3114 851 3167; x_wconf 84' lang='lat' dir='ltr'><strong>laevo</strong></span> 
     </span>
    </p>

    <p class='ocr_par' dir='ltr' id='par_1_18' title="bbox 163 3191 853 3263">
     <span class='ocr_line' id='line_1_41' title="bbox 163 3191 853 3263; baseline -0.003 -15"><span class='ocrx_word' id='word_1_260' title='bbox 163 3193 252 3263; x_wconf 87' lang='lat' dir='ltr'><strong>Aptat</strong></span> <span class='ocrx_word' id='word_1_261' title='bbox 269 3208 299 3247; x_wconf 91' lang='lat' dir='ltr'><strong>se</strong></span> <span class='ocrx_word' id='word_1_262' title='bbox 314 3209 429 3263; x_wconf 87' lang='lat' dir='ltr'><strong>pugnae,</strong></span> <span class='ocrx_word' id='word_1_263' title='bbox 448 3191 524 3248; x_wconf 88' lang='lat' dir='ltr'><strong>subit</strong></span> <span class='ocrx_word' id='word_1_264' title='bbox 541 3209 603 3246; x_wconf 89' lang='lat' dir='ltr'><strong>cras</strong></span> <span class='ocrx_word' id='word_1_265' title='bbox 622 3192 701 3247; x_wconf 87' lang='lat' dir='ltr'><strong>hasta</strong></span> <span class='ocrx_word' id='word_1_266' title='bbox 717 3207 768 3262; x_wconf 87' lang='lat' dir='ltr'><strong>per</strong></span> <span class='ocrx_word' id='word_1_267' title='bbox 785 3192 853 3246; x_wconf 87' lang='lat' dir='ltr'><strong>imas</strong></span> 
     </span>
    </p>
   </div>
   <div class='ocr_carea' id='block_1_3' title="bbox 0 0 1123 3556">
    <p class='ocr_par' dir='ltr' id='par_1_19' title="bbox 0 0 1123 3556">
     <span class='ocr_line' id='line_1_42' title="bbox 0 0 1123 3556; baseline 0 0"><span class='ocrx_word' id='word_1_268' title='bbox 0 0 1123 3556; x_wconf 95' lang='lat' dir='ltr'><strong> </strong></span> 
     </span>
    </p>
   </div>
  </div>
 </body>
</html>
