2274 3554
164 158 208 204 138
398 154 426 201 P.
447 153 598 201 VERGILI
617 152 779 201 Maeonis·

196 231 311 286 Postera
329 232 438 300 iamque
457 232 517 285 dies
534 233 623 300 primo
642 230 773 298 surgebat
792 231 856 298 an,

162 310 385 378 Humentemque
406 310 513 362 Aurora
531 309 592 377 polo
611 307 764 362 dimoverat
781 307 920 364 umbram:

161 387 230 440 Oum
248 385 338 438 subito
357 402 372 438 e
392 385 472 448 silvis,
492 385 576 438 macie
594 385 718 438 confecta
736 401 871 454 suprema,
979 402 1016 440 eea

162 463 252 530 Ignoti
271 478 340 514 nora
358 462 446 514 forma
463 462 513 513 viri
532 460 744 528 miserandaque
761 462 838 516 cultu

163 539 288 592 Procedit
307 539 477 606 supplexque
494 554 590 590 manus
609 537 645 589 ad
664 537 744 590 litora
762 537 860 593 tendit

163 615 339 684 Respicimus.
379 615 443 669 Dira
462 614 576 666 inluvies
594 613 762 681 inmissaque
780 614 876 685 barba,

161 693 322 746 consertum
342 693 472 757 tegumen
492 690 591 756 spinis;
608 692 638 742 at
657 694 750 743 cetera
769 690 875 761 Graius,

164 769 198 822 lit
215 766 353 836 quondam
371 765 467 833 patriis
484 765 520 818 ad
539 765 647 818 Troiam
666 767 764 820 missus
782 767 811 820 in
828 767 918 823 armis.
979 785 1017 824 saa

165 845 244 912 lsque
262 842 309 895 ubi
329 841 482 894 Dardanios
500 841 610 895 habitus
629 845 657 895 et
676 843 756 896 Troia
775 844 846 898 vidit

163 923 248 973 Arma
265 918 366 988 procul,
384 918 494 987 paulum
513 923 627 987 aspectu
644 920 809 973 conterritus
827 921 922 988 haesit,

161 996 356 1065 Continuitque
375 995 506 1064 gradum
524 1011 587 1048 mox
606 1011 665 1048 sese
684 994 720 1048 ad
738 996 819 1049 litora
837 1014 968 1066 praeceps

162 1075 230 1127 Cum
248 1073 316 1126 fletu
333 1072 516 1141 precibusque
535 1072 613 1126 tulit:
634 1072 687 1124 Per
707 1072 798 1125 sidera
816 1077 911 1140 testor,

163 1150 215 1203 Per
233 1167 344 1218 superos
363 1155 446 1218 atque
465 1148 515 1202 hoe
534 1149 600 1202 eacli
620 1147 749 1216 spirabile
768 1148 868 1215 lumen,
979 1165 1018 1204 aaa

161 1227 259 1280 Tollite
277 1243 328 1291 uro,
348 1226 460 1290 Teucri;
477 1241 662 1294 quascumque
680 1223 808 1278 abducite
826 1229 930 1291 terras;

162 1303 223 1355 Hoc
241 1307 283 1355 sat
301 1303 360 1356 crit.
399 1301 460 1355 Scio
479 1319 523 1354 me
544 1302 646 1354 Danais
665 1318 680 1354 e
699 1301 830 1354 classibus
849 1319 941 1370 unum,

161 1378 198 1430 Et
215 1378 286 1430 bello
308 1378 404 1430 Iliacos
423 1377 513 1430 fateor
530 1377 643 1444 petiisse
664 1376 782 1430 Penatis.

162 1453 215 1506 Pro
234 1471 294 1521 quo,
313 1453 335 1506 si
354 1453 463 1506 sceleris
481 1457 559 1506 tanta
577 1456 620 1504 est
639 1452 738 1505 iniuria
755 1455 848 1519 nostri,

162 1531 288 1598 Spargite
301 1546 344 1581 me
357 1529 384 1581 in
396 1528 503 1595 fluctus,
516 1532 647 1594 vastoque
661 1529 807 1596 inmergite
819 1535 909 1598 ponto.
980 1545 1017 1582 eae

162 1607 190 1659 Si
207 1623 296 1674 pereo,
316 1604 454 1656 hominum
473 1603 599 1656 manibus
619 1603 732 1670 periisse
751 1605 861 1659 iuvabit.

164 1683 282 1745 Dixerat
301 1684 330 1734 et
347 1696 437 1747 genua
455 1679 595 1746 amplexus
613 1677 784 1744 genibusque
803 1681 929 1736 volutans

164 1758 310 1812 Haerebat.
347 1755 399 1820 Qui
418 1755 462 1819 sit,
480 1755 538 1816 fari,
557 1770 610 1821 quo
629 1754 760 1820 sauguine
778 1759 877 1822 cretus,

163 1837 328 1898 Hortamur;
347 1849 417 1901 quae
436 1830 535 1885 deiude
553 1831 640 1898 agitet
658 1830 775 1893 fortuna,
794 1831 880 1883 fateri.

163 1912 227 1980 Ipse
238 1915 317 1980 pater
330 1909 458 1964 dextram
474 1908 615 1974 Anchises,
630 1905 704 1959 haud
717 1906 802 1959 multa
814 1909 944 1972 moratus,
979 1922 1017 1960 aro

163 1988 218 2042 Dat
236 1987 333 2052 iuveni,
353 1990 436 2054 atque
454 1986 574 2038 animum
593 1984 730 2054 praesenti
748 1985 860 2052 pignore
878 1983 977 2036 firmat.

164 2065 215 2119 llle
233 2065 306 2128 haec,
325 2063 450 2132 deposita
468 2061 580 2116 tandem
598 2060 750 2128 formidine,
767 2059 853 2114 latur:

164 2141 228 2194 Sum
247 2141 336 2209 patria
354 2157 388 2193 ex
409 2139 511 2206 Ithaca,
530 2156 621 2193 comes
639 2138 754 2192 infelicis
772 2138 854 2204 Ulixi,

165 2213 272 2271 Nomen
293 2217 502 2283 Achemenides,
524 2217 631 2269 Troiam
650 2216 773 2283 genitore
794 2215 944 2268 Adamasto

166 2295 522 2362 Paupere-mansissetque
535 2293 639 2346 utinam
653 2291 956 2359 fortunal-prefectus,
982 2303 1018 2341 ars

167 2373 219 2425 llic
236 2388 288 2439 me,
307 2371 371 2423 dum
390 2370 493 2437 trepidi
511 2369 633 2422 crudelia
651 2369 743 2420 limina
762 2368 897 2435 linquunt,

167 2449 332 2501 Inmemores
351 2447 415 2499 socii
434 2449 511 2499 vasto
530 2445 654 2513 Cyclopis
674 2446 701 2496 in
720 2448 799 2497 antro

166 2525 325 2578 Deseruere.
362 2521 466 2575 Domus
485 2523 559 2574 sanie
579 2521 750 2588 dapibusque
770 2519 897 2586 cruentis,

166 2601 244 2654 Intus
261 2616 352 2668 opaea,
371 2599 473 2666 ingens.
512 2599 574 2665 lpse
594 2597 703 2661 arduus,
723 2595 832 2664 altaque
850 2595 941 2663 pulsat

166 2676 340 2739 Sidera-Di,
359 2675 443 2728 talem
462 2676 543 2728 terris
561 2674 679 2728 avertite
697 2676 852 2741 pestaml-
984 2684 1020 2723 aaa
1118 2675 1119 2746 q

166 2751 190 2806 N
193 2771 224 2806 ec
241 2754 301 2807 visu
319 2751 405 2806 facilis
423 2769 473 2804 nee
492 2751 567 2805 dictu
586 2749 714 2804 adfabilis
732 2749 787 2802 ulli.

167 2831 324 2885 Visceribus
343 2831 502 2883 miserorum
521 2833 550 2883 et
569 2827 700 2896 sangarius
719 2826 839 2879 vescitur
856 2828 885 2878 at
918 2865 924 2876 .

167 2908 232 2960 Vidi
250 2911 366 2976 egomet,
384 2905 439 2960 duo
458 2905 494 2959 de
512 2921 624 2959 numero
642 2921 704 2957 eum
723 2918 836 2970 corpora
854 2903 947 2954 nostro

167 2983 270 3038 Prensa
287 3001 369 3038 manu
388 3000 486 3052 magna
503 2982 594 3036 medio
612 2980 756 3048 resupinus
775 2979 802 3029 in
820 2979 900 3028 antro

167 3060 319 3129 Frangeret
337 3060 372 3114 ad
391 3077 493 3126 saxum,
512 3059 642 3126 sanieque
660 3070 790 3123 exspersa
808 3054 936 3105 natarent
986 3061 1022 3100 aaa

167 3137 290 3202 Limina;
308 3137 365 3191 vidi
384 3140 445 3190 atro
463 3153 524 3190 cum
543 3134 665 3189 membra
683 3131 796 3185 fluentia
813 3128 879 3182 tabo

168 3213 321 3280 Mauderet,
339 3217 369 3267 et
387 3212 475 3283 tepidi
493 3216 645 3266 tremerent
664 3207 714 3263 sub
733 3205 861 3260 dentibus
879 3208 962 3256 artua.
