2242 3550
17 29 19 138 l

127 144 157 189 60
183 189 189 197 ,
365 143 393 190 Ρ.
412 141 565 188 VERGILI
583 141 749 190 MARONIS

126 219 236 276 Vellera
254 226 395 276 mutentur
414 223 507 290 Tyrios
525 222 630 276 incocta
647 221 776 276 rubores:

123 295 240 351 Densior
257 298 320 352 hinc
339 297 454 366 suboles,
473 298 536 351 hinc
554 298 623 365 largi
642 299 718 366 copia
737 299 832 364 lactis;

124 375 211 438 Quam
229 375 315 442 magis
335 375 469 428 exhausto
488 375 656 442 spumaverit
673 375 759 428 ubere
776 375 900 442 mulctra,

123 450 209 504 Laeta
227 452 313 518 magis
332 452 435 519 pressis
450 451 601 519 manabunt
619 450 730 504 flumina
748 452 882 504 mammis.
943 467 979 506 aro

123 526 181 580 Nec
199 528 289 580 minus
308 529 414 581 interca
434 527 533 579 barbas
552 527 702 595 incanaque
721 531 813 581 menta

123 603 247 672 Cinyphii
266 604 383 657 tondent
402 603 470 656 hirci
490 606 635 671 saetasque
654 605 786 657 comantis

123 681 210 733 Usum
227 681 254 732 in
273 684 425 733 castrorum
444 685 472 732 et
490 680 597 732 miseris
615 680 750 733 velamina
768 681 867 734 nautis.

123 757 275 810 Pascuntur
292 774 357 810 vero
377 757 457 809 silvas
476 760 504 809 et
523 773 628 808 summa
647 757 749 824 Lycaei,

123 833 324 901 Horrentisqne
342 833 424 885 rubos
443 837 472 886 ct
490 832 606 884 amantis
625 833 710 886 ardua
728 833 824 886 dumos
830 853 838 899 ;
942 849 976 888 ers

123 911 217 978 Atque
235 910 310 978 ipsae
328 927 461 962 memores
480 909 597 962 redeunt
615 909 643 961 in
662 913 742 975 tecta,
761 927 878 978 suosque

122 986 238 1054 Ducunt,
258 991 286 1039 ot
304 987 418 1054 gravido
439 989 568 1054 superant
586 986 631 1038 vix
650 985 735 1038 ubere
754 986 844 1039 limen.

122 1062 194 1130 Ergo
212 1064 285 1116 omni
305 1063 396 1116 studio
415 1063 529 1130 glaciem
548 1066 698 1131 ventosque
717 1062 819 1126 nivalis,

122 1140 180 1204 Quo
198 1141 287 1196 minor
305 1145 347 1194 est
365 1141 418 1192 illis
437 1157 518 1194 curae
536 1141 659 1192 mortalis
678 1143 792 1206 egestas,

122 1218 246 1286 advertes,
264 1218 420 1286 victumque
440 1218 510 1270 feres
529 1220 558 1268 et
577 1217 669 1283 virgea
687 1217 776 1268 laetus
941 1230 977 1269 seo

122 1292 231 1361 Pabula,
250 1311 300 1346 nec
318 1299 376 1346 tota
396 1293 507 1346 claudos
526 1293 637 1344 faenilia
655 1293 759 1345 bruma.

122 1370 162 1422 At
180 1387 243 1422 vero
263 1371 393 1438 Zephyris
412 1387 473 1422 curn
493 1369 566 1421 lacta
584 1369 744 1422 vocantibus
762 1373 854 1423 aestas

122 1445 155 1498 In
174 1447 259 1499 saltus
276 1451 422 1514 utrumque
441 1462 552 1512 gregem
571 1449 655 1512 atque
674 1447 701 1498 in
719 1463 821 1514 pascua
838 1446 940 1514 mittet,

121 1521 239 1575 Luciferi
257 1523 344 1590 primo
363 1539 423 1574 cum
443 1523 534 1574 sidere
553 1521 735 1588 frigidarum

121 1599 277 1667 Oarpamus,
291 1599 356 1651 dum
369 1615 448 1650 inane
460 1615 567 1662 novum,
581 1599 647 1650 dum
659 1600 782 1666 gramina
794 1604 900 1663 canent,
939 1613 975 1652 aaa

121 1674 156 1728 Et
174 1692 219 1728 ros
237 1675 264 1727 in
282 1678 378 1728 tenera
396 1675 487 1742 pecori
505 1675 678 1742 gratissimus
696 1675 787 1729 herba.

121 1751 197 1816 Inde,
215 1751 262 1804 ubi
281 1755 379 1819 quarta
397 1751 471 1802 sitim
491 1751 558 1804 caeli
576 1751 717 1819 collegerit
735 1751 801 1805 hora

120 1827 157 1880 Et
175 1832 256 1882 cantu
275 1828 405 1896 querulae
424 1831 553 1896 rumpent
572 1827 684 1881 arbusta
702 1829 818 1896 cicadae,

121 1905 168 1956 Ad
185 1908 283 1972 puteos
302 1907 350 1957 aut
368 1905 423 1958 alta
441 1921 539 1972 greges
558 1904 594 1956 ad
613 1907 710 1972 stagna
727 1905 819 1958 iubeto

120 1980 282 2034 Ourrentem
301 1981 391 2048 ilignis
407 1986 503 2050 potare
522 1981 661 2034 canalibus
679 1981 795 2046 undam;
938 1995 975 2035 mo

120 2057 251 2110 Aestibus
269 2062 298 2111 at
316 2055 413 2112 ¹mediis
431 2059 587 2112 umbrosam
607 2059 752 2126 exquirere
770 2057 875 2125 vallem,

119 2133 210 2188 Sicubi
228 2151 326 2202 magne
345 2135 418 2188 Iovis
437 2137 550 2204 antiquo
568 2134 666 2188 robore
684 2151 800 2202 quercus

120 2209 243 2277 Ingentis
261 2211 358 2265 tendat
376 2229 472 2278 ramos,
492 2216 539 2265 aut
558 2212 642 2266 sicubi
659 2213 765 2278 nigrum

120 2286 230 2339 Ilicibus
249 2287 351 2340 crebn's
370 2305 446 2341 sacra
463 2306 559 2342 nemus
577 2289 691 2342 accubet
708 2287 819 2351 umbra;

119 2363 186 2415 'lum
205 2363 295 2416 tenuis
313 2364 379 2416 darc
398 2381 491 2416 rursus
510 2382 603 2433 aquas,
623 2368 652 2417 et
669 2381 781 2432 pascere
799 2381 894 2418 rursus
938 2380 976 2420 aas

119 2439 188 2492 Solis
206 2439 241 2492 ad
260 2457 391 2506 occasum,
410 2457 471 2493 cum
490 2441 603 2508 frigidus
622 2458 686 2493 acra
703 2457 800 2508 vesper

119 2515 271 2585 Temperat,
291 2519 319 2568 et
338 2516 424 2569 saltus
442 2517 531 2569 reficit
549 2517 603 2570 iam
622 2517 729 2570 roscida
748 2517 819 2584 luna,

119 2592 266 2661 Litoraque
285 2593 412 2660 alcyonen
431 2597 568 2661 resonant,
587 2594 759 2647 acalanthida
777 2593 860 2646 durni.

153 2669 225 2734 Quid
243 2668 294 2722 tibi
314 2673 437 2737 pastores
457 2669 567 2737 Libyae,
585 2671 653 2739 quid
670 2687 770 2739 pascua
788 2687 868 2724 versu

119 2744 279 2814 Prosequor,
298 2749 327 2798 ct
345 2747 415 2799 raris
433 2746 559 2811 habitata
576 2749 694 2817 mapalia
713 2747 810 2800 tectisl
938 2764 975 2803 aro

118 2821 204 2892 Saepe
223 2823 295 2876 diem
313 2827 476 2894 noctemque
495 2828 523 2878 et
541 2828 629 2878 totum
649 2843 681 2876 ex
701 2824 797 2876 ordine
815 2839 936 2879 mensem

119 2899 243 2953 Pascitur
260 2901 338 2969 itque
355 2919 438 2970 pecus
456 2902 537 2970 longa
555 2902 582 2953 in
602 2901 712 2954 deserta
730 2901 788 2953 sine
806 2899 869 2953 ullis

119 2976 265 3044 llospitiis:
284 2982 391 3032 tantum
410 2980 498 3048 campi
516 2980 594 3032 iacet.
631 2979 729 3031 Omnia
748 2993 838 3030 secum

119 3055 308 3107 Armentarius
328 3055 396 3107 Afer
415 3057 478 3123 agit,
498 3058 657 3123 tectumque
676 3055 829 3120 Laremque

117 3129 258 3198 Armaque
278 3132 510 3199 Amyclaeumque
528 3147 622 3184 canem
642 3131 822 3198 Cressamque
840 3134 938 3198 phare·
