2234 3554
387 173 573 221 AENEIDOS
591 173 659 220 LIB.
679 172 758 220 VIII.
957 168 1004 216 lle

153 255 305 324 Stirpis.ab
326 255 450 321 Ascanio,
469 258 644 323 pugnataque
661 255 689 307 in
708 255 803 332 ordine
820 253 901 310 belle.

155 333 270 386 Fecerat
288 336 317 386 et
335 331 416 384 viridi
434 331 518 384 letam
537 331 670 384 Mavortis
687 332 716 384 in
734 336 813 386 antro
968 342 1004 382 eso

157 409 334 462 Procubuisse
352 409 457 476 lupam3
476 408 598 475 geminos
615 407 678 460 huie
695 408 781 461 ubera
799 409 900 462 circum

156 485 265 538 Ludere
283 485 429 554 pendentis
447 500 553 552 pueros,
573 487 602 536 et
620 482 740 536 lambere
759 489 874 538 matrem

155 562 318 630 lnprividos3
335 561 408 613 illam
427 559 511 612 tereti
529 559 634 612 cervice
652 560 781 614 reflexam

154 638 277 692 Mulccre
295 639 422 702 alternos,
442 641 470 689 et
488 653 601 704 corpora
619 637 723 704 fingere
741 636 840 704 lingua.

154 714 179 766 N
182 731 212 768 ec
224 715 318 783 procul
330 715 392 766 hine
406 713 520 766 Romam
530 717 558 765 et
570 717 663 782 raptas
671 714 729 767 sine
742 731 817 768 more
831 713 945 768 Sabinas
967 718 1014 766 ees

154 791 289 844 Consessu
306 807 412 858 caveae,
430 791 536 857 magnis
555 790 728 844 Circensibus
746 791 822 858 actis,

154 867 321 930 Addiderat,
340 866 486 934 subitoque
504 881 603 918 novum
622 883 785 934 consurgere
802 867 905 920 bellum

154 943 308 996 Romulidis
327 944 459 1012 Tatioque
478 943 536 996 seni
555 943 728 1012 Curibusque
746 945 855 998 severis.

93 1023 94 1026 ’
154 1019 220 1074 Post
239 1020 313 1073 idem
331 1021 404 1073 inter
422 1037 451 1072 se
468 1015 562 1088 posito
577 1019 725 1072 certamine
742 1037 822 1088 reges

154 1098 263 1150 Armati
283 1097 356 1149 Iovis
374 1099 530 1149 antoanam
548 1099 713 1164 paterasque
731 1099 857 1150 tenentes
965 1109 1002 1148 elo

153 1173 270 1226 Stabant
289 1177 318 1227 et
337 1190 415 1226 caesa
433 1172 583 1239 iungebant
601 1171 714 1224 foedera
730 1189 821 1240 porca.

155 1248 239 1301 Haud
257 1249 350 1317 procul
369 1249 433 1301 inde
451 1249 522 1301 citae
541 1248 661 1300 Mettum
679 1248 708 1300 in
727 1249 834 1302 diversa
851 1247 1001 1316 quadrigae

155 1324 388 1378 Distulerant-ut
406 1329 438 1378 tu
456 1325 544 1390 dictis,
565 1323 681 1391 Albane,
700 1329 873 1378 muneres!-

155 1400 348 1469 Raptabetque
367 1403 416 1454 viri
434 1401 572 1454 mendacis
591 1401 694 1472 viscera
712 1402 805 1454 Tullus

155 1476 208 1529 Per
225 1478 327 1543 silvam,
347 1482 375 1530 ct
393 1478 479 1546 sparsi
497 1476 627 1530 rorabant
645 1479 775 1544 sanguine
792 1493 896 1546 vepres,
964 1492 999 1530 645

154 1553 282 1606 Necnon
302 1554 477 1621 Tarquinium
497 1554 614 1606 eiectum
635 1554 773 1607 Porsenna
791 1554 904 1607 iubebat

154 1631 295 1698 Accipere,
312 1631 472 1697 ingentique
491 1631 585 1683 urbem
605 1628 745 1684 obsidione
763 1631 906 1699 premebat
916 1651 922 1695 ;

154 1706 301 1760 Aeneadae
319 1707 347 1758 in
365 1707 469 1759 ferrum
487 1723 537 1774 pro
555 1707 684 1761 libertate
702 1707 827 1762 ruebant.

154 1783 235 1834 Illum
254 1783 406 1849 indignanti
425 1783 547 1849 similem,
567 1783 737 1850 similemque
755 1784 869 1836 minanti

155 1859 306 1926 Aspiceres,
324 1863 434 1926 pontem
453 1859 568 1910 auderet
586 1859 650 1924 quia
667 1860 767 1911 vellere
786 1859 886 1926 Cocles,
963 1873 1000 1912 seo

154 1935 190 1987 Et
207 1934 319 1985 fluvium
337 1933 431 1984 vinclis
449 1933 558 1986 innaret
578 1934 679 1986 Cloelia
697 1935 793 2001 ruptis.

156 2010 187 2062 ln
207 2025 312 2061 summo
330 2013 422 2061 custos
440 2009 571 2075 'l'arpeiae
590 2009 707 2061 Manlius
725 2011 794 2062 arcis

153 2085 252 2138 Stabat
270 2101 319 2152 pro
337 2084 440 2151 templo
458 2089 487 2136 et
506 2084 641 2152 Capitolia
658 2085 730 2137 celsa
748 2085 868 2151 tenebat,

155 2160 341 2228 ltomulcoque
359 2175 454 2212 recens
472 2159 601 2212 horrebat
618 2161 694 2227 regia
711 2160 809 2213 culmo.

155 2240 248 2304 Atque
266 2236 310 2288 hie
327 2236 429 2288 auratis
447 2235 563 2288 volitans
580 2239 726 2303 argenteus
744 2253 823 2289 anser
965 2253 1001 2292 ets

155 2313 308 2365 Porticibus
328 2312 419 2365 Gallos
437 2313 464 2364 in
483 2312 576 2364 limine
594 2313 690 2365 adesse
708 2312 837 2378 canebat3
906 2312 908 2316 ’

153 2389 224 2444 Galli
242 2406 292 2458 per
310 2389 408 2441 dumos
425 2389 547 2454 aderent,
566 2405 711 2456 arcemque
729 2389 867 2456 tenebant,

154 2466 265 2518 Defensi
284 2465 405 2519 tenebris
424 2469 453 2518 et
472 2465 542 2518 dono
560 2465 648 2518 noctis
667 2483 782 2534 opacam

157 2542 248 2594 Aurea
265 2542 399 2594 caesaries
417 2542 485 2608 ollis,
503 2545 587 2609 atque
605 2559 689 2596 aurea
706 2544 805 2609 restis3

155 2618 276 2685 Virgatis
294 2618 386 2671 lucent
404 2618 519 2686 sagulis;
537 2623 597 2672 tum
615 2619 703 2673 lactea
721 2621 789 2673 colla
966 2635 1002 2673 seo

155 2697 231 2746 Auro
248 2694 439 2758 innectuntur3
458 2694 512 2747 duo
530 2696 646 2763 quisque
665 2697 765 2764 Alpina
783 2699 925 2749 coruscant

153 2771 243 2823 (laesa
261 2788 351 2837 manu,
371 2771 454 2823 scutis
472 2772 588 2839 protecti
607 2788 719 2840 corpora
737 2773 831 2840 longis.

155 2847 208 2900 Hic
226 2847 389 2900 exsultantis
408 2847 502 2912 Salios
520 2848 663 2916 nudosque
683 2849 828 2917 Lupercos

155 2923 355 2990 lanigerosque
373 2923 471 2991 apices
490 2924 612 2992 etlapsa
630 2925 726 2978 ancilia
744 2924 817 2977 eaelo

154 2999 322 3062 Extudcrat3
347 3005 438 3052 castae
457 2999 593 3052 ducebant
612 3017 687 3052 sacra
705 3017 755 3068 per
772 2999 869 3053 urbem
966 3018 1002 3058 oss

155 3075 268 3129 Pilentis
286 3081 389 3129 matres
407 3077 434 3129 in
452 3076 588 3129 mollibus.
626 3076 698 3129 Hine
716 3077 809 3145 procul
828 3077 907 3131 addit

121 3150 127 3158 '
153 3153 297 3206 Tartareas
315 3154 397 3206 etiam
416 3153 503 3221 sedes,
522 3153 577 3207 alta
595 3154 664 3206 ostia
683 3153 762 3222 Ditis,

156 3230 189 3284 111
207 3230 339 3284 scelerum
357 3247 466 3300 poenas,
485 3235 513 3284 et
531 3235 568 3288 tc.
588 3230 712 3292 Catilina,
730 3229 828 3286 minaei
