2232 3556
153 137 199 182 260
382 131 411 178 P.
434 131 586 178 veneral
603 131 772 180 MARONIS

152 211 304 266 Transfossi
322 211 395 278 ligno
415 212 534 264 veniunt.
570 213 627 266 Vix
645 231 715 267 unus
735 216 858 269 Helenor

153 290 189 342 Et
208 289 296 356 Lycus
314 288 414 356 elapsi,
440 296 555 357 quorum
574 290 730 358 primaevus
750 292 881 361 Helenor,
967 307 1003 347 ut

153 365 277 418 Maeonio
295 365 354 430 regi
373 382 454 432 quem
473 381 552 417 serra
572 366 710 434 Licymnia
728 368 824 420 furtim

152 441 307 494 Sustulerat
325 441 474 509 vetitisque
493 441 529 494 ad
548 442 656 494 Troiam
673 443 786 496 miserat
804 443 895 510 armis,

152 518 224 570 Ense
242 517 309 570 levis
328 517 402 570 nudo
421 535 572 587 parmaque
590 519 721 586 inglorius
738 519 807 572 alba

152 595 236 663 lsque
254 593 302 647 ubi
321 612 350 648 se
369 595 453 648 Turni
472 597 564 648 inedia
582 596 656 648 inter
674 595 749 648 milia
766 596 842 662 vidit,

153 671 224 724 Hine
242 673 314 726 acies
333 677 417 741 atque
437 673 500 726 hine
518 673 589 726 acies
606 672 716 724 adstare
736 672 861 725 Latinas:
966 690 1002 727 eso

152 748 190 800 Ut
208 749 273 814 fera,
293 767 371 816 quae,
390 749 476 802 densa
491 754 638 804 venantum
657 753 752 817 saepta
769 765 874 815 corona,

151 823 253 877 Contra
272 825 327 877 tela
345 826 419 890 furit,
438 843 552 894 seseque
570 825 645 878 haud
662 828 754 878 nescia
771 826 853 878 morti

152 900 244 954 lniicit
262 905 291 954 et
309 902 382 954 saltu
400 919 482 971 supra
499 901 633 955 venabula
650 902 746 968 fertur,

152 977 235 1030 Haud
253 978 334 1031 aliter
352 979 456 1031 iuvenis
474 979 579 1031 medios
598 978 746 1031 moriturus
764 978 792 1030 in
810 978 896 1032 hostis

154 1053 249 1120 Inruit,
268 1059 305 1122 et,
324 1072 378 1122 qna
394 1055 451 1108 tela
469 1055 544 1108 videt
562 1055 731 1121 densissima,
749 1054 847 1108 tendit.
964 1072 1001 1110 sss

152 1131 190 1182 At
208 1130 325 1198 pedibus
343 1131 423 1198 longe
441 1132 538 1185 melior
557 1131 644 1199 Lycus
662 1131 735 1184 inter
753 1135 782 1184 et
799 1131 887 1186 hostis

151 1206 229 1260 Inter
247 1211 276 1260 et
294 1225 369 1260 arma
386 1209 451 1276 fuga
468 1224 561 1260 muros
578 1210 663 1274 tenet,
681 1207 792 1276 altaque
810 1213 899 1263 certat

151 1281 290 1336 Prendere
308 1288 383 1338 tecta
400 1301 482 1337 ruauu
501 1283 658 1352 sociumque
676 1284 814 1350 attingere
833 1285 955 1340 dextras.

150 1359 237 1422 Quem
256 1361 370 1426 Turnus,
389 1361 493 1428 pariter
511 1377 593 1413 cursu
610 1359 723 1428 teloque
741 1363 857 1426 secutus,
902 1369 907 1378 '

151 1437 279 1505 Increpat
298 1437 341 1488 his
358 1438 459 1490 vietor:
485 1437 636 1490 Nostraene
655 1435 780 1503 evadere,
799 1436 918 1501 demens,
961 1454 1001 1492 ooo

149 1514 272 1580 Sperasti
290 1517 320 1565 te
337 1530 417 1580 posse
435 1515 547 1567 manusl
572 1513 651 1566 simul
669 1513 767 1580 arripit
784 1513 873 1580 ipsum

150 1589 327 1652 Pendentem,
347 1593 375 1642 et
392 1607 490 1656 magna
507 1590 578 1641 muri
596 1605 657 1642 cum
675 1594 755 1657 parte
773 1589 893 1643 revellit:

150 1665 246 1730 Qualis
263 1664 310 1717 nbi
328 1669 377 1718 aut
394 1665 515 1734 leporem
534 1669 582 1719 aut
599 1664 726 1718 candenti
744 1681 857 1733 corpore
875 1681 990 1734 cycnum

148 1741 266 1794 Sustulit
284 1741 340 1794 alta
357 1746 454 1810 petens
472 1741 589 1810 pedibus
608 1741 682 1794 Iovis
700 1741 820 1808 armiger
836 1742 920 1806 uncis,

148 1818 307 1881 Quaesitum
325 1823 374 1871 ant
391 1819 473 1871 matri
491 1818 585 1871 multis
602 1817 740 1870 balatibus
758 1834 855 1885 agnum
961 1835 1000 1874 sos

147 1893 264 1947 Martius
282 1911 299 1946 a
317 1895 432 1948 stabulis
451 1895 542 1961 rapuit
560 1895 646 1962 lupus.
677 1893 807 1962 Undique
825 1895 926 1948 clamor

147 1970 277 2036 'l'ollitur;
300 1971 434 2025 invadunt
451 1977 479 2024 et
498 1971 582 2023 fossas
597 1986 697 2038 aggere
714 1971 856 2038 conplent;

148 2047 280 2101 Ardentis
298 2049 394 2102 taedas
412 2049 458 2100 ulii
477 2047 512 2100 ad
530 2047 640 2113 fastigia
657 2046 766 2100 iactant.

148 2123 267 2178 Ilioneus
285 2141 350 2178 saxo
366 2130 450 2193 atque
467 2123 571 2191 ingenti
589 2123 722 2188 fragmine
740 2123 839 2175 montis

148 2198 296 2266 Lucetium,
314 2205 409 2268 portae
428 2200 591 2253 subeuntem
609 2198 734 2266 ignisque
748 2198 889 2265 ferentem,
958 2215 999 2255 tro

148 2275 309 2329 Emathiona
328 2277 417 2344 Liger,
438 2277 607 2343 Corynaeum
627 2274 725 2327 sternit
747 2274 844 2342 Asilas,

148 2351 200 2404 Hie
218 2353 304 2405 iaculo
323 2352 416 2419 bonus,
434 2351 479 2404 hie
496 2353 576 2418 longe
594 2351 706 2403 fallente
725 2351 838 2417 sagitta;

146 2426 288 2495 Ortygium
308 2429 438 2494 Caeneus,
456 2427 588 2480 victorem
607 2427 714 2479 Caenea
732 2426 845 2490 Turnus,

146 2503 253 2556 Turnus
272 2505 345 2570 Itym
365 2503 551 2570 Cloniumque,
570 2503 737 2570 Dioxippum
757 2501 975 2571 Promolumque,

147 2580 181 2632 ut
196 2579 319 2646 Sagarim
333 2583 361 2631 et
374 2579 486 2632 summis
501 2581 620 2632 stantem
633 2595 683 2646 pro
695 2577 818 2630 turribus
831 2577 915 2642 Idan;
957 2594 997 2634 5⁷5

147 2656 305 2708 Privernum
325 2656 419 2724 Capys.
457 2655 539 2708 Hunc
556 2656 643 2723 primo
662 2654 729 2708 lenis
747 2654 825 2706 hasta
844 2654 997 2710 Themillae

145 2731 312 2786 strinxerat:
338 2733 384 2784 ille
403 2749 513 2784 manum
532 2733 653 2800 proiecto
671 2733 793 2798 tegmine
812 2731 925 2784 demens

145 2807 192 2860 Ad
210 2809 305 2860 volnus
323 2809 401 2874 tnlit;
426 2825 491 2875 ergo
510 2808 560 2860 alis
578 2808 691 2876 adlapsa
710 2808 811 2875 sagitta

48 2944 51 2948 ,
145 2883 180 2936 ut
197 2884 274 2937 laevo
292 2884 383 2937 adfixa
402 2889 444 2937 est
462 2885 541 2937 lateri
559 2901 662 2951 manus,
680 2883 831 2952 abditaque
848 2884 921 2937 intus

144 2959 316 3027 spiramenta
333 2961 439 3013 animae
457 2960 532 3012 letali
552 2961 659 3012 volnere
676 2960 760 3028 rupit.
956 2977 997 3014 eso

144 3033 241 3087 Stabat
258 3036 286 3087 in
305 3037 422 3103 egregiis
442 3036 571 3088 Arcentis
589 3035 660 3087 filius
679 3036 768 3101 armis,

146 3109 237 3161 l'ictus
255 3127 305 3163 acu
323 3111 492 3178 chlamydem
510 3114 539 3162 et
556 3110 696 3177 ferrugine
714 3111 803 3163 clarus
822 3109 937 3176 Hibera,

145 3184 263 3250 Insignis
279 3186 356 3252 facie,
373 3186 480 3252 genitor
497 3201 578 3244 onem
596 3187 708 3242 miserat
727 3189 840 3252 Arcens,
