2242 3550
134 125 166 168 td
259 134 262 138 ·
368 117 398 164 P.
419 117 571 164 VERGILI
589 116 753 165 MARONIS

137 198 317 266 Albanaque
338 197 451 265 Assyrio
469 199 578 251 incatur
596 197 659 251 lana
676 214 789 266 veneno,
957 215 996 256 eet

138 274 195 326 hlec
213 275 284 326 casia
303 273 399 341 liquidi
417 274 603 342 corrumpitur
621 291 687 326 usus
705 274 782 330 olivi:

138 355 178 402 At
196 367 292 403 secura
311 351 387 419 quies
406 354 435 404 et
454 351 544 404 nescia
562 350 658 403 fallere
677 351 741 416 vita,

138 426 220 479 Dives
238 443 320 495 opum
340 427 483 492 variarum,
502 427 613 480 stlatis
632 427 689 480 otia
706 427 806 495 fundis,

137 503 296 571 Speluncae,
315 503 423 572 vivique
442 503 524 568 lacus,
543 507 573 556 at
590 503 691 569 frigida
711 503 820 574 Tempe,

139 580 316 648 Mugitusque
334 579 423 645 boum,
442 579 593 648 mollesque
612 578 662 632 sub
681 579 780 633 arbore
799 583 886 636 somni
957 597 997 638 arc

139 656 335 721 Non.absunt;
353 656 408 708 illic
426 655 513 709 saltus
531 672 563 708 ac
581 655 668 708 lustra
685 655 812 724 ferarum,

140 733 175 786 nt
193 733 300 801 patiens
319 749 432 801 operum
451 733 604 800 exiguoque
623 732 738 786 adsueta
756 733 890 801 iuventus,

139 810 222 862 Sacra
240 809 329 876 deum,
349 809 491 877 sanctique
509 812 618 876 patrcs;
639 812 764 861 extrema
782 825 832 875 per
850 808 910 862 illos

141 886 253 939 lustitia
271 885 407 940 excedens
426 886 508 939 terris
526 885 642 952 vestigia
660 884 732 938 fccit.

175 962 221 1016 Me
239 978 304 1015 vero
322 961 440 1031 primum
460 961 553 1015 dulces
571 966 636 1014 ante
654 961 744 1013 ouinia
763 961 865 1028 hlusae,
960 976 999 1018 475

140 1038 261 1102 Quarum
281 1055 357 1092 sacra
375 1039 432 1091 foro
450 1039 555 1106 ingenti
573 1053 718 1106 percussus
736 1053 836 1104 amore,

142 1116 292 1184 Accipiam,
311 1115 434 1183 caelique
452 1115 510 1168 vias
528 1120 557 1168 et
575 1114 666 1167 sidera
684 1117 845 1177 monstrent,

141 1191 271 1245 Deiectus
290 1191 353 1246 solie
372 1193 467 1258 varios,
487 1191 622 1259 lunaeque
639 1188 756 1254 labores,

143 1268 223 1322 Unde
242 1273 346 1322 tremor
365 1266 454 1334 terris,
473 1284 528 1335 qua
545 1267 572 1319 vi
590 1267 676 1320 maria
694 1265 751 1318 alta
768 1269 923 1318 tumescant

141 1343 281 1398 Obiicibus
299 1344 387 1412 ruptis
405 1360 554 1411 mrsusque
572 1344 600 1396 in
619 1359 648 1395 se
666 1343 727 1410 ipsa
744 1341 874 1409 residant,
962 1357 999 1399 rso
1111 1323 1112 1374 i

143 1421 215 1485 Quid
234 1424 341 1474 tantum
361 1419 470 1472 Oceano
488 1424 637 1487 properent
656 1435 686 1471 se
704 1419 831 1486 tinguere
848 1418 918 1471 soles

143 1497 267 1563 Hiberni‚
287 1495 329 1549 vel
349 1511 418 1563 quae
437 1495 525 1548 tardis
543 1511 620 1547 mora
638 1494 763 1548 noctibus
782 1493 880 1547 obstet.
1111 1517 1112 1522 ¹

143 1573 197 1634 sin,
216 1573 265 1626 has
284 1589 318 1626 ne
336 1571 437 1641 possim
456 1573 574 1624 naturae
589 1571 720 1624 accedere
739 1570 831 1638 partis,

144 1649 274 1718 Frigidus
292 1649 432 1702 obstiterit
450 1648 552 1701 circum
570 1647 729 1716 praecordia
750 1646 866 1714 sanguis,

144 1727 219 1781 Rura
237 1726 303 1779 mihi
321 1729 350 1778 et
368 1725 438 1792 rigni
456 1724 582 1792 placeant
600 1724 627 1776 in
646 1723 761 1776 vallibus
779 1739 887 1787 amnes3
961 1737 999 1776 ssa

144 1803 270 1856 Flumina
288 1818 376 1854 amem
395 1801 530 1868 silvasque
549 1800 685 1867 inglorius.
724 1799 755 1865 Ο,
775 1797 822 1851 ubi
837 1799 924 1867 campi

143 1879 360 1948 Spercheusque,
380 1881 409 1932 et
427 1876 576 1944 virginibus
594 1875 725 1930 bacchata
745 1875 875 1928 Lacaenis

144 1957 279 2024 Taygeta!
303 1971 326 2022 0,
346 1954 393 2023 qui
412 1971 455 2006 me
473 1953 572 2020 gelidis
590 1951 757 2006 convallibus
777 1950 875 2003 Haemi

144 2032 237 2098 Sistat,
258 2035 286 2085 et
304 2031 408 2098 ingenti
426 2046 562 2082 ramorum
581 2032 709 2097 protegat
726 2024 835 2079 umbra!

146 2108 231 2174 Felix,
251 2108 298 2177 qui
316 2107 406 2176 potuit
424 2123 516 2159 rerum
535 2121 697 2173 cognoscere
714 2119 830 2169 caussas,
963 2117 1000 2157 eso

147 2186 240 2252 Atque
257 2188 348 2237 metus
367 2183 454 2236 omnis
472 2186 501 2235 et
519 2180 685 2235 inexorabile
703 2181 790 2233 fatum

146 2260 266 2314 Subiecit
284 2259 400 2327 podibus
419 2259 621 2326 strepitumque
643 2257 808 2310 Acherontis
825 2256 914 2310 avaril

147 2337 315 2390 Fortunatus
333 2340 363 2389 et
381 2335 434 2402 ille,
455 2335 522 2388 deos
540 2334 586 2402 qui
605 2333 680 2387 novit
699 2333 821 2399 agrestis,

147 2413 276 2480 Panaque
295 2412 488 2479 Silvanumque
507 2427 599 2464 senem
620 2409 816 2478 Nymphasque
834 2413 954 2464 sorores!

148 2490 229 2543 lllum
248 2506 301 2542 non
319 2488 412 2557 populi
430 2488 524 2554 fasces,
543 2504 596 2540 non
614 2503 735 2556 purpura
753 2503 848 2555 regum
965 2500 1001 2540 aas

148 2567 238 2620 Flexit
255 2570 284 2619 et
302 2564 399 2618 infidos
417 2564 523 2632 agitans
541 2563 676 2617 discordia
693 2563 799 2625 fratres,

148 2645 207 2696 Aut
224 2642 364 2696 coniurato
384 2641 551 2695 descendens
571 2641 662 2694 Dacus
680 2641 714 2694 ab
735 2640 839 2706 llistro,

147 2718 209 2774 Non
227 2734 272 2771 res
291 2718 430 2772 Romanae
448 2719 626 2786 perituraque
644 2734 744 2786 regna;
764 2732 854 2784 neque
871 2714 918 2768 illo

147 2798 207 2849 Aut
225 2795 313 2848 doluit
331 2795 462 2850 miserans
480 2795 596 2864 inopem,
615 2799 664 2848 aut
681 2793 780 2847 invidit
797 2790 916 2844 habenti.

148 2871 221 2936 Quos
239 2872 307 2926 rami
325 2872 438 2939 fructus,
458 2888 526 2940 quos
544 2871 603 2940 ipsa
621 2871 739 2924 volentia
756 2885 821 2923 rura
966 2879 1001 2920 eoo

148 2949 250 3017 Sponte
269 2950 358 3003 tulere
377 2965 432 3014 sua,
452 2949 561 3016 carpsit,
579 2963 630 3000 nec
648 2948 738 3001 ferrea
755 2947 816 2998 iura

149 3025 334 3095 insanumque
353 3026 440 3078 lorum
459 3027 507 3077 aut
524 3023 617 3092 populi
636 3023 771 3076 tabularia
789 3019 866 3073 vidit.

149 3102 301 3157 Sollicitant
319 3103 363 3156 alii
382 3102 464 3155 remis
482 3101 554 3154 freta
571 3115 657 3166 caeca,
675 3103 814 3166 ruuntque

151 3179 182 3232 ln
200 3179 311 3247 ferrum,
328 3181 476 3248 penetrant
493 3177 568 3229 aulas
586 3180 616 3228 et
633 3175 725 3228 limina
743 3189 853 3243 reguum
947 3223 949 3228 .
