2234 3554
411 165 488 212 AEN
489 165 595 214 EIDOS
618 167 687 217 LlB.
709 169 743 219 V.
954 171 1000 222 175

148 240 188 296 Ut
206 242 343 310 quondam
362 243 445 298 Creta
462 246 552 300 fertur
571 249 754 319 Labyrinthus
771 250 800 304 in
817 251 874 306 alte

148 317 302 373 Parietibus
320 323 429 374 textum
448 325 534 378 caecis
552 325 613 392 iter,
633 326 833 396 ancipitemque

146 396 223 450 Mille
241 397 292 450 viis
309 397 436 454 habuisse
456 401 555 470 dolum,
574 421 629 472 qua
649 403 726 470 signa
745 406 875 474 sequendi
963 421 1001 461 teo

147 473 268 527 llalleret
285 475 465 543 indeprensus
483 482 511 531 et
529 479 712 534 inremeabilis
730 499 821 545 error;

149 551 230 604 llaud
249 552 301 604 alio
320 552 455 606 Teucrum
473 557 531 609 nati
549 558 664 626 vestigia
682 575 762 612 cursu

148 628 302 696 Inpedient,
322 632 475 699 texuntque
492 633 572 700 fugas
590 640 619 688 et
636 637 739 704 proelia
757 635 831 702 ludo,

146 704 310 772 Delphinum
329 707 436 774 similes,
457 710 503 777 qui
520 727 570 778 per
588 713 674 765 maria
692 713 804 766 humida
822 715 911 768 nendo

145 782 321 849 Carpathium
335 783 521 854 Libycumque
534 792 627 841 secant
643 788 807 859 [luduntque
825 807 876 860 per
891 791 998 861 undas}

146 859 225 913 llunc
244 877 347 914 morem
366 878 461 915 cursus
479 867 562 932 atque
580 865 647 918 haec
665 869 814 921 certamina
831 869 934 936 primus

144 937 284 1006 Ascanius,
304 939 425 1006 Longam
443 941 527 994 muris
545 959 607 996 eum
625 944 746 1012 cingeret
765 945 873 1014 Albam,

144 1012 265 1068 Rettulit
282 1019 313 1069 et
330 1017 433 1085 priscos
452 1017 544 1072 docuit
562 1019 702 1073 celebrare
722 1020 841 1088 Latinos,

143 1090 202 1154 Qiro
220 1104 289 1160 puer
307 1093 366 1162 ipse
384 1094 473 1162 modo,
492 1111 584 1148 secum
603 1114 656 1165 quo
675 1097 754 1150 Troia
771 1097 871 1166 pubes;

144 1169 243 1221 Albani
263 1169 380 1224 docuere
400 1188 478 1234 suos;
497 1171 560 1224 hinc
578 1189 706 1227 maxuma
724 1191 805 1242 porro
958 1191 995 1230 ooo

145 1247 257 1314 Accepit
278 1246 371 1312 Roma,
391 1251 420 1301 et
437 1249 555 1316 patrium
575 1251 693 1304 servavit
711 1251 839 1305 honorem
849 1273 855 1317 ;

141 1322 275 1392 Troiaque
294 1340 365 1376 nunc
382 1325 466 1392 pueri,
487 1325 632 1378 Troianum
651 1327 752 1381 dicitur
770 1345 874 1396 agnren.

142 1398 202 1452 Hae
220 1399 358 1453 celebrata
377 1404 458 1454 tenus
476 1407 569 1455 sancto
588 1406 737 1457 certamina
755 1407 832 1474 patri

177 1477 229 1530 Hic
247 1477 365 1544 primum
385 1478 507 1531 Fortuna
524 1479 607 1532 fidem
627 1485 733 1535 mutata
751 1483 865 1537 novavit.

140 1553 213 1606 Dum
231 1555 312 1608 variis
330 1555 435 1608 tumulo
454 1556 578 1609 referunt
596 1557 736 1612 sollemnia
754 1559 832 1628 ludis,
957 1575 993 1614 eos

144 1631 207 1684 lrim
226 1631 262 1684 de
280 1632 354 1684 eaelo
373 1633 447 1686 misit
465 1632 594 1686 Saturnia
613 1633 682 1687 Iuno

144 1708 250 1762 lliacam
268 1709 304 1762 ad
322 1703 443 1774 classem,
460 1713 611 1778 ventosque
630 1711 753 1780 adspirat
771 1713 854 1780 eunti,

141 1786 229 1840 Multa
247 1802 364 1853 movens,
382 1785 499 1838 necdum
517 1789 659 1855 antiquum
678 1793 801 1842 saturata
819 1791 950 1847 delorem.

142 1863 199 1928 llla,
217 1863 287 1914 viam
307 1861 430 1914 celerans
448 1879 497 1929 per
514 1863 588 1916 mille
606 1864 740 1917 coloribus
758 1883 857 1934 arcum,

139 1939 214 1992 Nulli
233 1940 289 1991 visa
307 1940 361 1991 cito
380 1938 502 1991 decurrit
520 1941 632 1992 tramite
650 1941 733 2008 virgo.
956 1961 992 1999 era

139 2015 276 2082 Conspicit
293 2017 433 2082 ingentem
451 2031 616 2079 concursum,
635 2019 664 2068 et
681 2016 763 2069 litora
779 2017 887 2084 lustrat,

142 2092 325 2158 Desertosque
343 2089 419 2142 ridet
438 2095 533 2158 portus
551 2091 719 2159 classemque
737 2093 866 2146 relictam.

142 2171 180 2222 At
198 2168 291 2238 procul
309 2167 338 2220 in
356 2167 413 2220 sola
431 2171 553 2222 secretae
572 2168 692 2220 Troades
710 2173 772 2222 acta

142 2247 278 2299 Amissum
299 2244 436 2298 Anchisen
454 2244 567 2312 flebant,
585 2248 754 2312 cunctaeque
772 2245 937 2313 profundum

142 2323 256 2376 l'ontum
274 2323 471 2392 adspectabant
489 2323 603 2399 flentem.)
614 2321 676 2375 Heu
694 2326 737 2376 tet
755 2323 825 2375 vada
842 2323 919 2378 fessis
954 2343 989 2381 ern

141 2399 174 2452 llt
192 2403 299 2454 tantum
318 2417 460 2469 superesse
479 2402 575 2453 maris!
596 2417 647 2452 vox
666 2399 791 2452 omnibus
809 2417 867 2455 una.

140 2475 240 2531 Urbem
259 2481 353 2542 orant;
372 2477 467 2530 tadet
485 2477 574 2546 pelagi
592 2476 714 2544 perferre
732 2476 859 2531 laborem.

137 2554 208 2622 Ergo
225 2555 298 2608 inter
316 2555 418 2607 medias
437 2571 496 2607 sese
515 2553 590 2606 haud
607 2553 703 2620 ignara
720 2555 835 2607 nocendi

136 2631 258 2696 Coniicit,
277 2635 305 2685 et
323 2633 472 2700 faciemque
490 2631 559 2684 deae
577 2635 736 2700 vestemque
754 2633 876 2700 reponit;

139 2708 183 2762 Fit
201 2709 297 2776 Beroe,
316 2709 424 2761 Ismarii
442 2709 558 2761 coniunx
576 2708 707 2776 longaeva
726 2708 840 2776 Dorycli,
951 2725 987 2764 eae

135 2786 186 2838 Oui
203 2802 290 2854 genus
309 2789 338 2839 et
357 2784 492 2854 quondam
511 2801 609 2838 nomen
628 2786 740 2853 natique
757 2785 887 2851 fuissent;

137 2865 177 2916 Ac
196 2863 235 2915 sic
254 2862 443 2916 Dardanidum
461 2862 578 2915 mediam
597 2879 626 2914 se
645 2861 777 2915 matribus
795 2862 889 2915 infert:

134 2939 157 2991 Ο
176 2941 299 3007 miserae,
320 2956 387 3008 quas
406 2955 458 2991 non
476 2956 579 3006 manus,
597 2939 695 3007 inquit,
716 2939 835 2992 Achaica
853 2937 923 2991 bello

134 3015 261 3070 Traxerit
278 3017 315 3069 ad
332 3017 418 3068 letum
436 3017 541 3084 patriae
559 3013 609 3068 sub
627 3014 782 3068 moenibus!
802 3030 818 3066 o
836 3031 903 3080 gens

134 3094 241 3162 Infelix,
260 3094 303 3148 cui
321 3096 350 3146 te
368 3092 451 3145 exitio
470 3092 592 3146 Fortuna
609 3093 747 3145 reservati
947 3107 983 3146 em

133 3169 265 3239 Septuma
281 3173 345 3242 post
363 3169 459 3223 Troiae
477 3168 626 3223 exscidium
643 3169 697 3222 iam
715 3168 832 3222 vertitur
849 3171 947 3238 aestas,

133 3250 201 3303 Cum
219 3250 299 3314 freta,
317 3265 378 3303 eum
397 3250 486 3302 terras
504 3247 598 3307 onmis.
616 3249 659 3300 tot
676 3245 814 3316 inhospita
832 3263 897 3301 saxa
