2274 3554
393 148 577 200 AENEIDOS
594 147 663 196 LIB.
683 148 737 199 III.
945 148 992 195 13⁵

145 237 179 290 lit
195 251 293 290 conum
310 232 424 300 insignis
442 231 536 299 graleae
555 229 707 298 cristasque
725 229 865 297 comantis,

146 314 230 367 Arma
249 307 430 378 Neoptolemi.
467 307 538 360 Sunt
556 310 586 359 et
605 323 653 359 sua
671 307 743 360 dona
760 305 876 374 parenti.

145 388 233 442 Addit
251 403 342 454 equos,
361 385 495 452 additque
513 383 611 448 duces3
957 394 994 434 too

145 465 299 532 Remigium
318 462 439 530 supplet;
459 463 544 515 socios
562 462 641 514 simul
660 461 771 515 instruit
789 462 877 514 armis.

178 542 290 594 Interea
308 540 422 592 classem
440 539 507 592 velis
525 542 621 607 aptare
640 537 753 592 iubebat

145 617 285 683 Anchises,
303 616 383 669 lieret
401 619 483 668 vento
502 631 577 668 mora
595 631 630 669 ue
649 632 703 683 qua
720 615 826 668 ferenti.

145 695 230 759 Quem
250 692 353 746 Phoebi
372 692 509 760 interpres
526 693 612 745 multo
631 692 776 759 compellat
793 692 908 744 honore:

145 770 281 838 Coniugio,
302 767 433 835 Anchise,
453 768 568 821 Veneris
587 769 700 836 dignate
719 769 843 838 superbo,
959 779 995 818 4⁷5

145 846 217 900 Cura
234 846 323 912 deum,
341 845 383 898 bis
402 844 559 912 Pergameis
577 849 672 913 erepte
690 845 782 913 ruinis,

145 922 213 976 llcce
230 923 282 976 tibi
301 923 440 976 Ausoniae
458 921 554 985 tellus;
573 921 641 974 hanc
660 922 750 989 arripe
768 923 842 976 velis.

145 999 180 1054 Et
197 1003 291 1052 tamen
309 999 378 1052 hanc
395 998 491 1066 pelago
509 997 714 1066 praeterlabare
732 1014 842 1052 necesse
860 1003 916 1065 est;

145 1076 282 1130 Ausoniae
299 1091 363 1144 pars
380 1074 427 1127 illa
443 1073 546 1143 procul,
566 1090 648 1141 quam
666 1074 764 1141 pandit
782 1075 888 1143 Apollo.

145 1151 230 1217 Vade,
247 1153 295 1218 ait,
314 1169 330 1204 o
347 1151 413 1204 felix
432 1151 491 1204 uati
508 1151 621 1219 pietate.
658 1150 730 1214 Quid
748 1151 821 1204 ultra
958 1166 995 1205 aso

145 1229 283 1281 Provehor
300 1233 329 1281 et
347 1227 429 1280 fando
448 1227 585 1294 surgentis
603 1226 730 1279 demoror
749 1231 873 1283 austros?

145 1305 203 1357 N‘ec
221 1305 309 1356 minus
329 1303 527 1369 Andromache,
546 1303 672 1371 digressu
690 1309 795 1359 maesta
814 1321 947 1375 supreme,

145 1380 211 1434 Fert
229 1381 379 1448 picturatas
397 1380 457 1432 anri
475 1379 628 1432 subtemine
645 1384 736 1434 vestes

145 1456 180 1510 Et
199 1457 344 1525 Phrygiam
364 1457 482 1509 Ascanio
500 1455 678 1525 chlamydem,
698 1475 747 1512 nec
765 1459 839 1513 cedit
856 1459 957 1529 honori,

144 1534 348 1602 Textilibusque
367 1537 463 1586 onerat
481 1533 568 1601 donis,
586 1549 618 1588 ac
635 1534 703 1587 talia
720 1535 806 1590 fatur:
958 1551 995 1589 48⁵

145 1611 246 1680 Accipe
258 1615 287 1664 et
298 1611 373 1677 haec,
385 1627 514 1663 manuum
526 1610 577 1662 tibi
590 1627 661 1678 quae
674 1616 849 1666 monumenta
860 1629 983 1667 mearum

144 1687 211 1754 Sint,
223 1704 298 1756 puer,
311 1692 340 1740 et
353 1687 463 1754 longum
478 1685 686 1739 Andromachae
699 1692 837 1742 testentur
849 1705 977 1754 amorem,

144 1764 272 1832 Coniugis
292 1764 452 1816 Hectoreae.
488 1762 562 1830 Cape
579 1763 651 1815 dona
668 1769 792 1817 extrema
808 1771 925 1831 tuorum,

144 1841 167 1894 Ο
186 1841 253 1893 mihi
271 1839 328 1892 sola
346 1840 400 1892 mei
419 1855 501 1906 super
520 1841 694 1906 Astyanactis
712 1841 807 1908 imago.

144 1917 188 1972 sie
206 1916 305 1982 oculos,
323 1916 362 1967 sic
378 1915 424 1967 ille
442 1931 545 1979 manus,
564 1915 601 1966 sic
619 1931 667 1966 ora
685 1916 803 1980 ferebat3
960 1933 997 1972 seo

144 1995 181 2047 Iit
199 2008 269 2046 nuno
287 1990 394 2057 aequali
412 1995 504 2043 tecum
522 1989 685 2057 pubesceret
702 2009 775 2044 aevo.

89 2070 205 2133 -Eos
223 2083 274 2134 ego
292 2065 449 2133 digrediens
467 2065 584 2118 lacrimis
602 2065 715 2119 adfabar
734 2068 853 2124 obortisr

144 2145 237 2198 Viuite
256 2142 356 2208 felices,
375 2140 475 2210 quibus
493 2146 535 2194 est
552 2142 662 2194 fortuna
680 2149 790 2210 peracta

145 2223 204 2276 lam
225 2236 286 2283 sua;
306 2235 354 2272 nos
372 2218 425 2270 alia
443 2235 478 2270 cx
496 2218 555 2272 aliis
573 2218 600 2271 in
619 2219 676 2272 iata
693 2236 825 2274 vocamur.

145 2298 231 2352 Vobis
249 2299 329 2365 parta
347 2296 438 2364 quies;
456 2295 559 2348 nullum
577 2296 660 2349 maris
678 2311 779 2366 aequor
796 2299 936 2363 arandum,
960 2313 996 2353 aas

145 2377 222 2429 Arva
237 2389 326 2442 neque
346 2373 485 2426 Ausoniae
504 2389 614 2442 semper
632 2374 757 2428 cedentia
776 2379 850 2428 retro

145 2451 316 2516 Quaerenda
353 2450 478 2518 Effigiem
496 2449 600 2503 Xanthi
619 2451 783 2520 Troiamque
800 2451 907 2522 videtis,

145 2529 232 2593 Quam
251 2531 359 2580 vestrae
376 2527 467 2580 fecere
485 2543 588 2592 manus,
607 2527 771 2594 melioribus,
790 2532 861 2598 opto,

146 2605 291 2673 Auspiciis,
311 2607 339 2656 et
357 2620 427 2671 quae
445 2604 529 2657 fuerit
546 2604 637 2657 miuus
654 2604 733 2658 obvia
751 2605 847 2660 Graiis.

144 2681 174 2734 si
193 2681 302 2750 quando
320 2679 449 2748 Thybrim
466 2681 609 2748 vicinaque
628 2681 774 2751 Thybridis
791 2699 856 2736 arva
961 2696 997 2735 too

145 2759 256 2814 lutrano
274 2757 405 2824 gentique
422 2773 500 2809 meae
519 2756 584 2810 data
602 2759 709 2812 moenia
728 2775 844 2824 cernam,

144 2834 281 2900 Cognatas
298 2833 383 2886 urbes
401 2832 464 2886 olim
483 2836 650 2903 populosque
669 2836 840 2904 propinquos,

143 2911 235 2978 Epiro,
256 2909 398 2976 Hesperia,
418 2910 518 2978 quibus
535 2911 608 2963 idem
628 2911 772 2963 Dardanus
790 2915 885 2964 auctor

145 2989 242 3056 Atque
259 2985 333 3039 idem
351 3002 437 3053 casus,
455 3003 535 3039 unam
555 2988 683 3040 iaciemus
703 2991 848 3054 utramque

144 3063 254 3116 Troiam
272 3063 383 3126 animis;
401 3067 510 3115 nraneut
528 3068 635 3117 nostros
654 3081 687 3116 ea
705 3079 769 3116 cura
787 3067 907 3132 nepotes.
960 3080 995 3120 tot

181 3139 358 3191 Provehimur
375 3139 472 3205 pelago
490 3139 576 3190 vicina
594 3139 726 3192 Ceraunia
743 3140 828 3208 iuxta,

144 3212 227 3269 Unde
242 3215 297 3270 iter
316 3213 426 3268 ltaliam
443 3229 593 3284 mrrsusque
611 3214 786 3270 brevissimus
803 3216 890 3272 undis
986 3261 989 3264 .
