2274 3554
414 169 597 218 AENEIDOS
615 167 685 219 LIB.
705 167 754 217 IV.
962 169 1009 217 149

157 255 218 320 lpse
236 253 303 306 haec
319 253 392 306 forre
409 249 487 304 iubet
505 250 601 304 celeris
618 249 749 305 mandata
766 267 817 320 per
834 267 929 306 auras:
974 261 1011 305 21⁰

155 330 226 392 Quid
244 329 343 382 struis?
363 331 410 382 aut
429 344 483 396 qua
501 343 549 396 spe
569 326 674 394 Libycis
692 328 760 380 teris
778 329 835 382 otia
852 326 951 382 terrisl

155 405 182 459 Si
199 411 228 459 te
246 405 319 457 nulla
337 408 429 458 movet
447 407 586 456 tantarum
605 403 691 470 gloria
709 421 803 458 rerum

154 482 180 534 N
183 500 213 536 ec
231 499 312 548 super
329 481 389 550 ipso
407 485 455 534 tua
472 481 575 534 moliris
594 479 676 533 lande
693 481 821 548 laborem,

155 561 300 612 Ascanium
321 561 478 626 surgentem
497 560 526 610 et
544 573 606 626 spes
624 556 733 610 heredis
752 558 805 610 Iuli

155 636 279 704 Respice,
299 636 341 688 cui
359 651 473 700 regnum
494 633 592 686 Italiae
611 632 789 702 Romanaque
806 633 889 688 tellus
976 647 1013 688 275

154 712 303 765 Debentur.
329 711 399 767 ¹Tali
419 709 554 777 Cyllenius
572 726 619 762 ore
637 709 743 764 locutus

154 787 279 841 Mortalis
297 786 370 840 visus
387 785 478 839 modio
497 802 620 839 sermone
637 786 757 855 reliquit,

155 864 191 918 Et
208 864 303 932 procul
321 864 349 916 in
367 867 477 918 tenuem
496 879 530 916 ex
548 862 632 915 oeulis
650 864 759 916 evanuit
777 879 877 916 auram.

189 944 229 994 At
247 958 311 994 vero
330 927 440 994 Aeneas
458 941 570 1008 aspectu
587 937 725 992 obmutuit
743 955 844 1003 amens,

155 1019 343 1086 Arrectaeque
355 1017 469 1070 horrore
481 1031 582 1082 comae,
595 1019 624 1068 et
636 1032 688 1067 vox
700 1015 822 1068 faucibus
834 1015 931 1068 haesit.
977 1028 1013 1066 rer

155 1093 247 1147 Ardet
265 1093 341 1164 abire
358 1093 423 1160 fuga
442 1091 582 1159 dulcisque
600 1091 754 1160 relinquero
771 1095 867 1154 terras,

156 1170 300 1224 Attonitus
318 1173 396 1224 tanto
415 1168 519 1222 monitu
537 1167 697 1235 inperioquo
716 1167 836 1220 deorum.

155 1245 220 1300 Heu
238 1245 306 1316 quid
324 1248 406 1314 agatl
425 1261 480 1313 quo
499 1261 570 1296 nunc
588 1243 711 1311 reginam
728 1242 832 1296 ambire
851 1245 988 1294 furentem

156 1321 268 1376 Audeat
286 1321 397 1376 adfatul
417 1338 488 1389 quae
505 1320 593 1388 prima
611 1321 723 1374 exordia
741 1320 848 1374 sumatl

156 1399 251 1468 Atque
264 1399 383 1452 animum
395 1414 466 1451 nurse
478 1397 530 1450 hue
543 1397 668 1464 celerem,
681 1413 752 1450 nune
765 1395 862 1448 dividit
873 1397 944 1458 illuc,
976 1409 1012 1448 ass

156 1473 189 1527 In
208 1475 348 1542 partisque
365 1475 438 1542 rapit
456 1475 544 1527 varlas
561 1490 665 1542 perque
684 1473 774 1526 omnia
790 1475 889 1526 versat.

156 1549 233 1604 Haeo
251 1551 397 1604 alternanti
415 1551 505 1618 potior
523 1551 659 1604 sententia
676 1551 734 1603 visa
752 1553 808 1604 est:

155 1627 301 1680 Mnesthea
320 1627 535 1696 Sergestumque
553 1630 633 1680 vocat
651 1628 804 1694 fortemque
824 1626 971 1689 Serestum,

156 1703 276 1757 Classem
295 1707 391 1773 aptent
408 1705 486 1758 taciti
505 1705 644 1772 sociosque
663 1704 699 1758 ad
716 1704 797 1756 litora
815 1706 919 1770 cogant,

157 1781 243 1834 Arma
261 1784 367 1850 parent,
386 1783 421 1847 et,
441 1797 511 1848 quae
529 1779 612 1832 rebus
631 1780 667 1832 sit
685 1795 779 1832 caussa
797 1777 936 1844 novandis,
979 1791 1015 1830 aee

155 1855 350 1920 Dissimulent;
371 1872 430 1908 sese
447 1855 560 1922 interea,
579 1855 688 1922 quando
706 1860 818 1923 optuma
837 1853 909 1906 Dido

155 1931 268 1986 Nesciat
286 1936 315 1985 et
333 1935 427 1984 tantos
445 1930 535 1997 rumpi
552 1945 607 1981 non
625 1933 718 1996 speret
736 1947 850 1998 amores,

156 2008 366 2077 Temptaturum
385 2005 484 2070 aditus,
503 2009 533 2057 et
551 2021 621 2073 quae
638 2004 797 2058 mollissima
814 2005 890 2057 fandi

156 2084 297 2152 Tempora,
316 2082 378 2150 quis
395 2080 477 2133 rebus
495 2080 594 2132 dexter
610 2079 715 2135 modus.
753 2080 835 2133 Ocius
853 2096 946 2136 omnes

157 2160 268 2228 Inperio
285 2157 352 2210 laeti
368 2159 468 2224 parent
485 2172 516 2208 ao
533 2156 606 2208 iussa
623 2156 767 2209 facessunt.
978 2172 1014 2212 aas

192 2235 233 2286 At
243 2231 346 2299 ,regina
364 2230 537 2300 dolos—quis
554 2231 649 2284 fallere
667 2233 755 2301 possit
772 2234 961 2288 amanteml-

99 2321 102 2332 ’
157 2308 486 2376 Praesensit‚n10tusque
505 2307 613 2376 excepit
631 2309 719 2376 prima
736 2310 851 2373 futures,

157 2385 255 2439 Omnia
272 2388 334 2440 tuta
352 2386 459 2439 timens.
497 2386 600 2440 Eadem
619 2385 703 2454 irnpia
722 2386 805 2438 Fama
823 2384 926 2439 furenti

157 2462 264 2516 Detulit
282 2463 382 2516 armari
400 2462 513 2516 classem
531 2479 696 2531 cursumque
715 2461 814 2530 parari.

157 2539 250 2593 Saevit
266 2539 344 2608 inops
362 2539 453 2607 animi,
471 2543 614 2609 totamque
632 2539 743 2592 incensa
760 2555 810 2607 por
828 2538 924 2592 urbem
978 2552 1015 2591 aco

157 2615 317 2683 Bacchatur,
336 2615 423 2684 qualis
441 2617 583 2670 commotis
601 2616 691 2670 excita
709 2615 793 2669 sacris

157 2692 261 2762 Thyias,
279 2694 326 2748 ubi
343 2694 437 2748 audite
457 2694 598 2748 stimulant
616 2694 757 2748 trieterica
775 2693 883 2746 Baccho

157 2769 241 2837 Orgia
258 2769 462 2838 nocturnusque
480 2775 559 2823 vocat
577 2771 695 2823 clamore
715 2768 870 2822 Cithaeron.

157 2845 277 2898 Tandem
295 2846 338 2898 nis
358 2849 471 2900 Aenean
490 2847 634 2915 compellat
652 2845 763 2898 vocibus
779 2844 866 2896 ultro:

192 2922 370 2974 Dissimulare
389 2923 471 2976 etiam
491 2924 615 2990 sperasti,
634 2921 746 2990 perfude,
765 2923 872 2972 tantum
977 2933 1014 2973 seo

143 2997 242 3056 ,Posse
259 2998 343 3066 nefas,
360 2999 515 3068 tacitusque
533 3017 594 3052 mca
612 2997 747 3052 decedere
765 2997 858 3050 terral

148 3074 216 3128 Noc
233 3076 263 3127 te
280 3077 374 3128 noster
391 3091 474 3142 amor,
492 3091 542 3128 nec
559 3078 589 3128 to
608 3073 674 3127 data
690 3072 807 3126 dextera
825 3077 969 3142 quondam,

158 3148 217 3214 Nec
234 3151 365 3203 moritura
382 3155 459 3204 tenet
476 3151 581 3204 crudeli
598 3151 694 3204 funere
713 3148 802 3202 Didol

159 3225 230 3286 Quin
249 3226 330 3280 etiarn
350 3225 464 3279 hiberno
482 3227 585 3280 moliris
603 3227 693 3280 sidero
711 3226 832 3286 classem,
