2274 3554
112 139 142 185 80
346 137 375 187 P.
395 136 548 186 VERGILI
566 135 735 185 MARONIS

112 215 173 280 Quo
191 216 258 269 fletu
276 216 372 282 Manis,
391 233 446 285 qua
464 216 584 270 Numina
601 232 667 270 5000
683 220 823 271 moveretl
935 231 973 271 555

113 293 165 346 Illa
183 291 296 362 quidem
315 293 410 362 Stygia
429 293 513 346 nabat
532 293 586 352 iam
605 291 706 360 frigida
724 293 829 360 cymba.

112 369 224 438 Septem
242 369 319 422 illum
337 374 412 423 totos
430 369 575 437 perhibent
594 386 628 422 en
648 369 744 422 ordine
762 387 870 425 menses

113 447 191 514 Rupe
210 445 261 498 sub
279 447 353 499 aeria
373 446 477 499 deserti
497 446 533 498 ad
552 446 703 512 Strymonis
722 448 823 500 undam

114 523 239 591 licuisse,
258 528 287 576 et
305 523 405 592 gelidis
423 523 491 576 haec
510 522 642 576 evolvisse
662 522 712 575 sub
731 523 823 590 antris,

113 599 139 651 M
152 601 278 653 licentem
296 599 377 666 tigris
396 604 425 652 et
443 603 571 667 agentem
589 600 708 652 carmine
727 617 859 668 quereus;
935 613 972 653 510

113 677 203 740 1511555
221 676 340 744 populea
356 693 482 729 maerens
499 675 647 745 philomela
664 675 717 729 sub
734 676 832 729 umbra

116 753 236 804 ,111ιί5505
254 753 380 820 queritur
398 752 479 819 fetus,
498 769 566 820 quos
585 751 670 806 durus
687 759 779 806 arator

113 828 266 880 observans
284 827 348 880 nido
367 828 497 897 inplumis
515 828 698 892 150515155ςο5
716 828 763 881 illa

113 903 175 957 Flet
192 907 307 972 noctem,
326 922 457 974 ramoque
476 905 574 958 sedens
594 905 748 960 miserabile
766 921 876 960 carmen

113 979 246 1047 integrat,
264 983 292 1034 et
310 983 425 1034 maestis
441 981 498 1035 late
515 981 573 1035 loca
592 981 736 1052 questibus
753 982 850 1050 inplet.
935 996 972 1036 515

111 1056 194 1109 Nulla
211 1056 315 1126 Venus,
332 1075 385 1110 non
404 1059 451 1110 ulli
469 1059 589 1112 arrimum
608 1058 710 1112 flexere
728 1058 877 1126 hymenaei.

112 1132 190 1186 Solus
208 1133 402 1202 Hyperboreas
420 1136 519 1204 glacies
538 1136 704 1205 Tanaimque
722 1135 840 1188 nivalem

111 1209 242 1278 Arvaque
262 1210 391 1280 lthipacis
410 1229 557 1281 numquam
577 1213 691 1266 viduata
709 1212 815 1280 pruinis

111 1284 268 1352 Lustrabat,
287 1292 395 1356 raptam
416 1288 569 1356 Eurydicen
588 1293 673 1357 atque
692 1289 775 1342 inrita
793 1288 867 1342 Ditis

111 1358 191 1414 Dona
209 1379 341 1430 querens3
361 1368 470 1432 spretae
491 1364 621 1417 Ciconum
640 1381 694 1432 quo
712 1381 825 1418 munere
844 1368 949 1418 matres

112 1437 190 1491 Inter
208 1453 286 1492 sacra
305 1439 388 1492 deum
408 1441 589 1508 nocturnique
608 1441 685 1508 orgia
703 1439 802 1494 Bacchi
935 1456 970 1494 511

111 1513 285 1582 Discerptum
305 1515 377 1568 latos
394 1516 519 1569 invenem
539 1533 664 1584 sparsere
682 1533 733 1585 per
751 1533 839 1583 agros.

112 1589 180 1643 'lum
199 1608 307 1659 quoqne
326 1608 479 1645 marmorea
499 1596 581 1661 caput
599 1609 616 1645 a
633 1592 738 1645 cervice
758 1593 894 1645 revolsum

112 1666 228 1734 Gurgite
246 1684 307 1720 cum
325 1665 417 1721 medio
435 1672 549 1736 portans
568 1667 702 1735 Oeagrius
721 1667 832 1719 Hebrus

112 1743 249 1810 Volneret,
270 1743 424 1811 Eurydicen
443 1761 495 1798 501
514 1743 574 1812 ipsa
592 1746 622 1798 et
639 1743 741 1811 frigida
759 1743 859 1810 lingua,
934 1759 971 1796 515

113 1820 158 1873 Ah
176 1820 303 1874 miseram
324 1821 491 1888 Eurydicen!
511 1821 601 1874 anima
618 1820 741 1888 fugiente
761 1818 891 1884 vocabat;

112 1897 264 1964 Eurydicen
282 1900 342 1950 toto
360 1897 518 1951 referebant
536 1896 647 1950 flumine
665 1897 751 1964 ripae.

148 1973 224 2027 Haec
243 1973 367 2040 Proteus,
387 1977 463 2028 etse
482 1975 555 2028 iactu
573 1973 652 2028 dedit
670 1990 773 2042 aequor
792 1972 820 2025 in
841 1971 935 2038 altum,

112 2049 226 2118 Quaque
244 2050 330 2117 dedit,
349 2054 521 2120 spumantem
540 2050 642 2104 undam
662 2050 713 2104 sub
730 2050 832 2104 vertice
850 2049 937 2102 torsit.

111 2127 152 2179 At
170 2143 224 2180 non
245 2126 366 2196 Cyrene;
384 2144 503 2195 namque
521 2128 594 2181 ultro
612 2127 707 2181 adfata
725 2127 882 2180 timentem:
934 2141 972 2179 550

145 2202 226 2271 Nate,
245 2203 310 2256 licet
328 2204 417 2258 tristis
435 2204 525 2257 animo
545 2203 683 2274 deponere
702 2220 788 2258 curas.

112 2277 189 2332 Haec
208 2280 294 2333 omnis
314 2279 402 2332 morbi
422 2297 531 2346 caussa;
549 2281 611 2334 hinc
630 2280 785 2335 miserabile
804 2279 955 2347 Nymphae,

107 2355 179 2408 (lum
198 2355 299 2423 quibus
317 2356 364 2408 illa
382 2357 480 2410 choros
497 2357 566 2410 lucis
585 2357 708 2424 agitabat
726 2357 753 2408 in
772 2355 843 2423 altis,

111 2431 234 2486 Exitium
252 2433 352 2486 misere
371 2433 476 2500 apibus.
516 2433 556 2486 'm
575 2449 688 2485 munera
706 2431 821 2500 supplex

112 2507 211 2574 Tende,
230 2513 329 2578 petens
347 2525 450 2578 pacem,
470 2513 498 2563 et
517 2509 602 2562 facilis
621 2525 752 2562 venerare
771 2508 911 2576 Napaens;
935 2523 972 2562 555

112 2583 239 2654 Namque
257 2585 363 2638 dabam
382 2585 488 2638 veniam
506 2585 584 2652 votis,
603 2585 712 2654 irasque
731 2584 883 2637 remittent.

112 2661 174 2728 Sed,
194 2661 291 2714 modus
311 2661 407 2714 orandi
426 2661 473 2730 qui
493 2662 536 2728 sit,
554 2662 630 2729 prius
648 2661 743 2715 ordine
762 2660 860 2714 dicam.

113 2737 250 2800 Quattuor
270 2739 383 2792 exinrios
401 2739 553 2806 praestanti
573 2754 685 2807 corpore
703 2741 804 2804 51111105,

113 2814 164 2877 Qui
183 2814 235 2868 tibi
253 2832 324 2868 nunc
343 2815 438 2868 viridis
457 2815 611 2883 depascunt
629 2831 735 2868 summa
754 2812 858 2882 Lycaei,

113 2890 218 2958 liclige‚
238 2896 267 2945 et
284 2892 388 2945 intacta
405 2891 522 2944 totidem
541 2891 647 2944 cervice
665 2890 800 2944 iuvencas.
935 2903 970 2940 511

113 2969 250 3032 Quattuor
266 2967 309 3021 his
327 2985 389 3021 aras
407 2968 463 3021 alta
481 2968 516 3021 ad
536 2967 651 3020 delubra
670 2967 783 3022 dearum

113 3043 263 3111 Constitue,
282 3049 311 3098 et
330 3062 435 3098 sacrum
454 3045 554 3112 iugulis
572 3044 688 3098 demitte
706 3059 840 3108 eruorem,

113 3119 289 3190 Corporaque
306 3122 365 3190 ipsa
383 3121 465 3174 boum
484 3121 612 3176 frondoso
631 3121 727 3174 desero
746 3121 813 3174 luco.

113 3197 187 3266 Post,
204 3197 250 3252 ubi
268 3215 339 3252 nona
357 3215 418 3252 suus
438 3203 546 3254 Aurora
563 3199 714 3254 ostenderit
732 3201 818 3264 ortus
