2234 3554
379 149 561 198 AENEIDOS
578 149 647 200 LIB.
665 149 715 199 VI.
925 150 972 200 20⁵

123 231 179 285 Sed
196 247 250 284 nox
267 233 329 285 atra
346 234 428 298 eaput
445 231 520 284 tristi
537 231 713 288 circumvolat
730 234 835 288 umbra
936 248 974 288 sos

122 307 191 360 'lum
208 311 289 376 puter
307 307 448 373 Anchises,
467 307 584 361 lacrimis
601 308 740 377 ingressus
757 309 875 365 obortis:

122 383 146 436 0
164 388 254 452 gnate,
273 385 412 450 ingentem
429 383 532 437 luctum
550 401 584 437 ne
602 401 703 453 quaere
721 390 845 451 tuorum3

122 459 277 514 Ostendent
294 459 377 512 terris
395 459 466 512 hune
484 464 591 513 tantum
609 461 673 530 fata,
691 479 779 532 neque
796 462 870 516 ultre

121 535 190 590 Esse
208 536 303 590 sinent.
340 535 460 588 Nimium
479 534 555 588 vobis
574 537 698 592 Romana
716 555 836 607 propago
937 553 973 594 sao

121 611 190 666 Visa
206 616 311 680 potens,
331 612 436 680 Superi,
454 613 565 681 propria
582 612 649 668 haee
667 614 690 667 si
710 614 781 668 dona
798 615 922 668 fuissent.

122 689 245 753 Quantos
262 689 308 743 ille
325 688 414 742 virum
432 705 559 756 magnam
577 688 710 744 Mavortis
727 690 764 744 ud
781 690 878 744 urbem

121 766 241 833 Campus
258 769 323 833 aget
340 763 472 832 gemitus!
491 764 534 817 vel
552 782 630 833 quae,
649 767 783 834 Tiberine,
802 765 908 820 videbis

122 841 237 910 Funera,
256 859 318 896 cum
336 842 470 896 tumulum
488 843 692 910 praeterlabere
707 846 861 898 recentem!

121 918 147 970 N
149 935 180 972 ee
198 935 267 986 puer
285 919 375 972 Iliaca*
386 918 529 986 quisquam
548 917 583 972 de
601 923 685 987 geute
703 919 816 974 Latinos
936 933 972 973 sm

122 995 156 1047 ln
173 999 281 1050 tautum
299 1012 347 1064 spe
365 995 444 1050 tollet
462 1011 533 1062 avos,
551 1011 601 1048 nee
620 996 735 1050 Romula
753 995 891 1063 quondam

121 1071 185 1124 Ullo
203 1088 233 1126 se
249 1076 358 1126 tantum
377 1071 458 1126 tellus
475 1071 589 1125 iactabit
606 1072 720 1126 alumno.

122 1147 186 1201 Heu
203 1149 298 1218 pietas,
316 1150 372 1202 heu
389 1149 479 1217 prisca
495 1148 573 1215 fides,
591 1147 747 1217 invictaque
764 1149 837 1203 bello

121 1224 254 1280 Dextera!
273 1242 327 1279 non
345 1226 384 1278 illi
403 1242 432 1278 se
450 1225 592 1294 quisquam
609 1225 710 1293 inpune
728 1225 837 1280 tulisset

121 1300 223 1356 Obvius
241 1305 354 1370 armate,
372 1317 420 1356 seu
438 1317 500 1355 eum
518 1301 603 1372 pedes
620 1301 675 1354 iret
692 1301 720 1354 in
739 1301 853 1369 hostem,
933 1316 970 1356 sse

9 1375 10 1462 l
121 1378 176 1432 Seu
193 1380 343 1448 spumantis
361 1379 425 1448 equi
442 1377 551 1432 foderet
569 1377 718 1432 calcaribus
737 1394 834 1432 armos.

122 1455 193 1522 Heu,
211 1455 364 1508 miserande
381 1459 463 1524 puer!
484 1455 506 1508 si
524 1471 579 1523 qua
595 1454 652 1508 fata
670 1471 769 1524 aspera
786 1471 903 1524 rumpas,

121 1531 162 1584 'lu
180 1531 325 1585 Marcellus
342 1531 403 1584 cris.
440 1531 569 1585 Manibus
587 1531 652 1585 date
670 1531 726 1585 lilia
743 1532 838 1600 plenis,

121 1607 276 1676 Purpureos
295 1625 420 1676 spargam
439 1608 526 1673 flores,
544 1609 716 1678 animamque
734 1609 842 1677 nepotis

121 1684 174 1737 His
193 1685 289 1740 saltem
307 1684 477 1738 adcumulem
496 1685 581 1752 donis,
603 1689 631 1739 et
649 1685 747 1753 iungar
764 1687 836 1740 inani
933 1694 970 1738 sse

120 1760 325 1816 Munere-Sic
343 1766 403 1815 tota
420 1762 522 1829 passim
540 1761 651 1828 regione
669 1766 803 1829 vagantur

120 1838 203 1891 Aeris
220 1839 248 1890 in
266 1839 368 1905 campis
385 1838 457 1904 latis,
474 1841 558 1905 atque
576 1838 665 1890 omnia
682 1838 806 1892 lustrant.

121 1913 197 1978 Quae
215 1919 360 1982 postquam
379 1913 513 1966 Anchises
530 1916 625 1965 natum
642 1929 693 1980 per
711 1913 815 1981 singula
832 1915 921 1981 duxit,

10 2039 11 2060 ,
121 1989 302 2057 Incenditquc
319 1991 438 2042 animum
455 1988 543 2040 tunae
560 1988 695 2042 venientis
712 2005 811 2057 amore,

10 2087 11 2124 ,
121 2066 192 2118 Exin
210 2065 282 2118 bolla
299 2066 357 2117 viro
375 2067 509 2117 memorat
527 2079 598 2131 quae
616 2063 716 2117 deinde
734 2065 862 2131 gerenda,
932 2081 969 2120 saa

121 2140 320 2208 Laurentisque
339 2141 419 2194 docet
437 2139 550 2208 populos
568 2138 719 2207 urbemque
738 2139 837 2209 Latini,

121 2216 157 2270 llt
176 2233 230 2285 quo
247 2233 384 2286 quemque
402 2215 483 2270 modo
500 2215 641 2284 fugiatque
660 2214 785 2284 feratque
803 2217 932 2272 laborem.

155 2293 226 2347 Sunt
242 2294 367 2362 geminae
385 2293 476 2347 Somni
494 2295 598 2362 portae,
618 2308 733 2360 quarum
751 2293 839 2346 altera
856 2293 945 2348 fertur

120 2369 233 2438 Cornea,
250 2387 305 2439 qua
323 2371 394 2424 veris
411 2368 497 2423 facilis
515 2369 598 2423 datur
615 2369 706 2422 exitus
724 2369 851 2436 Umbris;

121 2446 219 2500 Altera
235 2447 363 2501 candenti
380 2447 501 2516 perlecta
519 2446 609 2500 nitens
627 2445 779 2514 elephanto,
932 2464 968 2502 sae

11 2529 12 2572 ἶ
119 2523 176 2576 Sed
193 2523 262 2577 falsa
279 2523 315 2577 ad
332 2523 437 2577 eaelum
455 2523 570 2577 mittunt
587 2523 720 2577 insomnia
737 2524 840 2579 Manes

11 2631 12 2652 r
120 2599 173 2654 His
191 2599 238 2653 ubi
256 2604 316 2653 tum
334 2605 428 2653 natum
447 2599 581 2653 Anchises
599 2616 708 2668 unaque
727 2600 857 2669 Sibyllam

120 2677 301 2744 Prosequitur
318 2676 407 2743 dictis,
425 2679 559 2745 portaque
578 2676 681 2730 emittit
699 2675 808 2741 eburna,

120 2753 172 2807 llle
189 2754 260 2806 viam
278 2757 353 2807 secat
370 2752 406 2806 ad
423 2752 498 2806 navis
516 2752 656 2820 sociosque
674 2753 781 2807 revisit:

119 2829 187 2882 'lium
205 2845 235 2882 se
253 2829 289 2882 sd
308 2829 418 2883 Caietae
435 2833 510 2882 recto
527 2829 584 2882 fert
601 2828 681 2882 litore
699 2841 815 2898 portum
931 2843 968 2882 ooo

119 2907 231 2960 Ancora
248 2905 283 2959 de
301 2921 383 2975 prora
399 2905 510 2971 iacitur;
528 2908 604 2960 stant
621 2904 701 2960 litere
718 2919 830 2974 puppes
