2232 3556
110 155 155 202 288
335 152 363 198 P.
383 151 537 198 VERGILI
556 147 722 196 MARONIS

110 233 170 286 Hoc
187 238 280 286 tamen
298 230 394 282 infelix
413 231 539 283 misemm
559 229 682 282 solabere
700 232 829 283 mortem:

110 310 220 362 Aeneae
236 307 329 374 magni
349 306 448 360 dextra
465 307 547 360 cadis.
585 308 715 374 Increpat
732 305 805 358 ultro
924 319 963 358 aaa

109 385 269 438 Cunctantis
288 385 380 451 socios,
400 388 428 437 et
446 388 522 437 terra
540 383 664 436 sublevat
682 384 777 451 ipsum,

109 462 244 528 Sanguine
263 466 420 529 turpantem
439 467 561 528 comptos
580 461 615 512 de
633 476 709 512 more
727 441 897 558 capilloss

144 537 255 591 Interea
271 539 379 606 genitor
398 537 517 590 Tiberini
536 537 571 590 ad
589 537 707 590 fluminis
725 537 827 588 undam

111 614 227 668 Volnera
246 613 364 668 siccabat
382 615 507 684 lymphis,
525 631 678 682 corpusque
695 612 804 666 levabat

111 691 226 744 Arboris
244 691 358 744 adclinis
376 696 478 744 trunco.
518 691 615 744 Procul
634 707 714 744 aerea
725 689 808 742 muris
925 701 963 740 sss

111 769 255 834 Dependet
272 769 357 835 galea,
376 772 404 822 et
422 772 501 836 prato
519 768 612 836 gravia
630 784 706 820 arma
724 767 875 834 quiescunt.

111 845 190 897 Stant
207 845 272 898 lecti
291 845 394 897 circum
412 845 539 908 iuvencs;
562 845 621 912 ipse
639 861 728 912 aeger,
746 843 882 908 anhelans,

110 919 186 972 Colla
203 921 284 988 fovet,
303 921 380 974 fusus
398 937 546 990 propexam
565 921 593 972 in
610 924 720 988 pectore
738 919 865 982 barbanu

110 996 199 1050 Multa
217 1013 298 1065 super
317 997 406 1050 Lauso
425 998 534 1064 rogitat,
560 997 715 1064 multosque
732 995 857 1058 remittit,

111 1073 163 1136 Qui
182 1077 316 1140 revocent,
335 1075 487 1142 maestique
505 1074 595 1126 ferant
613 1073 743 1126 mandata
759 1072 888 1141 parentis.
926 1085 965 1124 sac

112 1150 152 1202 At
171 1150 290 1203 Lausum
310 1151 374 1204 socii
393 1151 544 1204 exanimem
564 1167 646 1218 super
663 1166 739 1202 arma
757 1147 883 1201 ferebant

114 1225 232 1292 lllcnteS,
251 1228 388 1294 ingentem
407 1231 490 1296 atque
507 1227 612 1294 ingenti
629 1227 739 1279 volnere
757 1226 864 1278 victum.

113 1303 252 1370 Adgnovit
270 1304 349 1372 longe
367 1304 499 1372 gemitum
518 1319 651 1371 praesaga
668 1303 732 1355 mali
750 1318 833 1356 mens.

113 1378 246 1432 Canitiem
264 1381 351 1432 multo
369 1380 505 1433 deformat
522 1379 641 1447 pulvere,
661 1382 690 1432 et
708 1378 802 1431 ambas

113 1455 159 1508 Ad
177 1457 281 1508 caelum
300 1457 391 1510 tendit
408 1457 519 1524 palmas,
540 1459 569 1509 et
587 1472 700 1524 corpore
718 1453 851 1508 inhaeret.
927 1469 966 1507 sus

113 1531 233 1584 Tantane
251 1548 295 1584 me
313 1533 402 1584 tenuit
420 1532 537 1590 vivendi.
556 1536 627 1595 nate,
645 1531 776 1599 voluptas,

113 1607 152 1660 Ut
168 1623 218 1674 pro
236 1623 280 1659 me
297 1607 390 1660 hostili
407 1611 518 1674 paterer
536 1609 681 1660 succedere
699 1607 820 1674 dextrae,

114 1683 200 1747 Quem
218 1683 316 1750 genuit
342 1683 433 1736 Tuane
451 1683 517 1736 haec
535 1685 643 1751 genitor
661 1700 710 1752 per
727 1684 838 1736 volnera
855 1697 958 1744 servor,

114 1757 204 1811 Morte
223 1763 271 1811 tua
289 1759 401 1812 vivensl
427 1759 499 1825 Heu,
517 1777 588 1813 nunc
606 1761 705 1813 misero
723 1759 790 1812 mihi
809 1759 920 1811 demum

117 1835 245 1887 Exsilium
263 1835 371 1889 infelix!
391 1853 462 1889 nunc
479 1837 536 1890 alte
554 1837 650 1889 volnus
668 1836 809 1889 adactum!
928 1848 968 1886 aso

119 1911 194 1964 ldem
212 1928 269 1979 ego,
288 1917 360 1980 nate,
379 1915 458 1965 tuum
476 1913 607 1965 maculavi
624 1913 737 1966 crimine
754 1927 859 1978 nomen,

115 1987 211 2040 Pulsus
230 1987 264 2040 ob
283 1987 414 2041 invidiam
433 1989 499 2040 solio
519 1990 690 2056 sceptrisque
707 1989 836 2056 paternis.

115 2063 269 2116 Debueram
288 2066 394 2132 patriae
412 2081 514 2132 poenas
533 2064 658 2132 odiisque
676 2081 812 2118 meorum:

115 2140 209 2193 Omnis
225 2158 275 2209 per
293 2142 389 2194 mortis
407 2141 524 2194 animam
542 2145 648 2194 sontem
666 2141 725 2209 ipse
743 2140 892 2195 dedissem!

115 2217 193 2270 Nunc
206 2218 274 2286 vivo,
288 2235 377 2285 neque
389 2216 478 2270 adhuc
491 2217 613 2270 homines
625 2217 769 2284 lucemque
781 2217 912 2286 relinquo.
928 2233 968 2272 sss

115 2293 170 2348 Sed
187 2293 318 2361 linquam.
345 2293 430 2347 Simul
448 2293 499 2346 hoc
517 2292 610 2346 dicens
628 2293 730 2346 attollit
748 2295 775 2345 in
794 2309 906 2361 aegrum

115 2369 150 2423 Se
168 2369 264 2436 femur,
284 2373 319 2436 et,
340 2387 505 2437 quamquam
523 2370 563 2422 vis
581 2371 638 2422 alto
656 2369 764 2423 volnere
782 2370 883 2437 tardat,

116 2445 200 2498 Hand
218 2445 339 2498 deiectus
358 2461 458 2526 equum
477 2446 538 2498 duci
557 2446 643 2500 iubet.
669 2447 729 2498 Hoc
747 2447 829 2499 decus
847 2447 893 2512 illi,

116 2522 176 2575 Hoc
194 2521 313 2574 solamen
332 2525 406 2584 erat;
424 2521 503 2574 bellis
521 2522 573 2576 hoc
590 2523 677 2576 victor
695 2522 788 2576 abibat

116 2597 254 2651 Omnibus.
280 2598 449 2666 Adloquitur
466 2603 643 2666 maerentem,
663 2603 691 2652 et
708 2599 809 2652 talibus
827 2599 902 2652 infit:
929 2614 971 2652 sa)

116 2674 236 2742 Rhacbc‚
254 2675 309 2740 diu,
328 2691 372 2726 res
391 2674 413 2727 si
432 2691 485 2742 qua
504 2675 552 2727 diu
570 2674 731 2727 mortalibus
749 2674 805 2726 ulla
823 2677 873 2742 est,

117 2751 249 2805 Viximus.
282 2754 341 2804 Aut
359 2752 442 2804 hodie
460 2752 547 2804 victor
565 2751 650 2818 spolia
668 2751 714 2803 illa
732 2753 844 2804 cruenta

116 2826 152 2878 Et
170 2831 252 2894 caput
273 2829 381 2880 Aeneae
399 2827 508 2891 referes,
528 2827 664 2894 Lausique
682 2827 806 2880 dolorum

115 2901 197 2954 Ultor
215 2903 268 2954 eris
286 2920 399 2968 mecum,
418 2907 474 2968 aut,
492 2903 582 2970 aperit
600 2903 622 2955 si
640 2904 714 2956 nulla
731 2904 803 2956 viam
819 2903 867 2967 vis,

116 2975 268 3029 Occumbes
285 2979 403 3044 pariter;
426 2995 514 3046 neque
534 2979 612 3042 enim,
631 2980 785 3046 fortissime,
803 2979 894 3045 credo,
931 2995 971 3034 aas

117 3048 195 3103 Iussa
213 3052 301 3104 aliena
319 3054 376 3120 pati
396 3057 425 3106 et
444 3053 566 3104 dominos
585 3054 732 3120 dignabere
750 3056 874 3108 Teucros.

116 3123 202 3189 Dixit,
222 3130 251 3179 et
269 3132 400 3195 exceptus
418 3133 496 3194 tergo
514 3135 643 3181 consueta
660 3129 759 3182 locavit

116 3195 250 3265 Membra,
268 3217 418 3269 manusque
436 3203 530 3253 ambas
548 3201 641 3254 iaculis
659 3206 782 3258 oneravit
801 3207 894 3269 scintis,
