2242 3550
386 131 593 180 GEORGIOON
611 131 680 178 LIB.
700 131 737 178 ll.
960 133 990 184 t?

173 217 252 283 Quod
262 219 394 286 superest,
405 231 593 283 quaecumque
603 231 711 282 premes
720 215 840 282 virgulta
846 231 897 284 per
904 231 990 284 agros,

137 297 242 363 Sparge
261 294 324 345 fimo
341 291 443 360 pingui,
463 295 492 343 et
510 290 596 342 multa
614 307 718 343 memor
735 291 827 344 occule
844 297 927 360 terra,

137 373 197 424 Aut
215 370 334 438 lapidem
353 366 484 432 bibulum,
504 371 552 419 aut
571 367 722 434 squalentis
741 367 832 421 infode
850 369 971 433 conchas,

137 448 218 500 Inter
236 445 307 498 enim
327 444 454 496 labentur
472 459 567 511 aquae,
587 444 734 512 tenuisque
752 444 855 498 subibit

136 523 257 589 Halitus,
270 525 353 588 atque
366 519 469 572 animos
483 519 581 572 tollent
594 523 670 584 sata;
683 521 791 588 iamque
803 522 915 590 reperti,
954 535 990 574 aso

137 599 191 663 Qui
210 615 274 651 saxo
293 614 375 664 super
393 599 477 664 atque
497 596 615 662 ingentis
634 596 755 664 pondere
773 601 862 650 testae

136 675 311 741 Urguerent;
330 673 380 726 hoc
399 673 498 726 effusos
517 673 654 726 ruunimen
674 672 709 725 ad
727 672 829 741 imbris,

138 751 199 804 lloc
217 749 263 802 ubi
282 749 370 802 hiulca
389 749 434 801 siti
454 749 532 802 findit
552 749 626 801 canis
643 749 756 803 aestifer
774 767 848 803 arva.

173 826 326 880 Seminibus
345 825 449 894 positis,
469 829 596 893 superest
614 825 744 879 diducere
762 829 865 880 terram

136 903 251 970 Saepius
269 902 305 954 ad
323 901 420 969 capita,
439 905 468 954 et
486 901 569 954 duros
588 903 688 954 iactare
707 901 833 966 bidentis,
953 914 991 954 aaa

139 983 198 1032 Aut
215 996 309 1048 presso
327 995 454 1032 exercere
474 979 559 1032 solum
579 979 628 1030 sub
647 995 763 1046 vomere,
782 984 810 1032 ct
828 981 887 1047 ipsa

137 1057 263 1108 Flectere
281 1055 410 1108 luctantis
428 1054 500 1107 inter
518 1056 609 1108 vineta
627 1055 765 1118 iuvencam

137 1133 207 1186 Tum
224 1133 291 1186 levis
309 1133 425 1186 calamos
444 1136 473 1185 et
491 1149 568 1185 rasae
587 1131 696 1188 hastilia
713 1133 804 1200 virgae

137 1210 342 1278 Fraxineasque
361 1213 457 1278 aptare
476 1209 565 1275 sudes,
586 1209 731 1277 furcasque
750 1209 873 1278 valentis,

137 1285 251 1338 Viribus
269 1286 336 1339 eniti
354 1303 471 1354 quarum
490 1289 519 1339 et
537 1290 712 1340 contemnere
732 1289 827 1340 ventos
953 1298 990 1338 aar

138 1363 319 1427 Adsuescant,
338 1380 513 1430 summasque
532 1363 610 1432 sequi
628 1363 752 1416 tabulata
768 1381 818 1432 per
835 1363 931 1418 ulmos.

173 1443 216 1492 Ac
235 1439 299 1492 dum
318 1440 407 1508 prima
424 1441 499 1493 novis
518 1439 650 1492 adolescit
668 1439 807 1493 frondibus
825 1444 908 1506 aetas,

137 1517 308 1569 Parcendum
329 1517 439 1576 teucris,
459 1522 495 1582 et,
514 1516 579 1568 dum
600 1533 628 1569 se
647 1517 735 1569 lactus
753 1517 788 1570 ad
806 1533 886 1570 auras

138 1593 246 1646 Palmes
265 1594 322 1660 agit
341 1591 409 1644 laxis
428 1607 477 1658 pcr
496 1609 593 1660 purum
612 1592 738 1645 inmissus
756 1593 877 1660 habenis,

139 1669 204 1738 lpsa
221 1669 277 1721 acie
296 1667 416 1720 noudum
434 1667 510 1720 falcis
528 1667 696 1737 temptanda,
715 1669 763 1722 sed
781 1670 856 1722 uncis
953 1682 990 1721 aas

88 1755 92 1762 '
138 1745 299 1812 Carpendae
317 1743 441 1796 manibus
459 1744 578 1811 frondes,
598 1744 725 1812 interque
742 1745 886 1813 legendae:

138 1820 210 1874 Inde
228 1820 273 1872 ubi
291 1821 344 1873 iam
364 1821 460 1873 validis
479 1820 621 1889 amplexae
641 1821 771 1889 stirpibus
789 1823 875 1875 ulmos

138 1897 271 1963 Exierint,
290 1901 355 1949 tunc
375 1897 479 1964 stringo
498 1914 596 1964 comas,
615 1901 681 1950 tunc
699 1898 823 1952 bracchia
840 1898 938 1963 tonde;

138 1977 214 2027 Ante
233 1973 413 2025 reformidant
432 1973 550 2037 scrrum;
569 1978 627 2026 tum
646 1973 765 2041 denique
784 1975 853 2028 dura

138 2049 244 2102 Exerce
261 2049 374 2116 inperia,
394 2055 422 2102 et
441 2066 530 2102 ramos
549 2066 688 2117 compesce
707 2050 822 2104 fluentis.
953 2065 991 2106 ³70

174 2125 319 2178 Texendae
336 2142 432 2194 saepes
451 2125 534 2178 etiam
553 2131 582 2178 et
600 2142 683 2193 pecus
701 2143 781 2180 omne
799 2128 954 2194 tenendum,

139 2202 289 2270 Praecipue
308 2202 374 2255 dum
392 2203 466 2256 frons
484 2206 581 2256 tenera
599 2202 801 2272 inprudensque
819 2204 955 2266 laborum;

139 2278 189 2332 Cui
208 2295 290 2347 super
308 2279 432 2346 indignas
449 2280 554 2332 hiemes
573 2279 712 2348 solemque
730 2285 869 2349 potentem

139 2355 284 2409 Silvestres
302 2356 345 2408 uri
364 2355 477 2410 adsidue
496 2373 665 2426 capreaeque
684 2374 813 2426 sequaces

140 2431 280 2499 inludunt,
298 2438 447 2502 pascuntur
465 2451 529 2488 oves
548 2434 699 2504 avidaeque
717 2436 851 2490 iuvencae.
956 2449 991 2490 ars

139 2507 254 2576 Frigora
273 2527 322 2564 nec
340 2514 448 2564 tantum
468 2528 535 2564 cana
553 2517 679 2565 concreta
697 2513 801 2581 pruina,
881 2560 882 2564 ,

140 2586 200 2638 Aut
217 2586 307 2652 gravis
326 2586 485 2640 incumbens
505 2587 619 2655 scopulis
639 2588 778 2644 arentibus
796 2594 893 2657 aestas,

140 2661 278 2724 Quantum
297 2663 335 2714 illi
355 2679 470 2716 nocuere
489 2681 593 2732 greges,
615 2665 731 2734 durique
750 2683 883 2719 venenum

141 2737 239 2790 llcntis
257 2742 286 2791 et
304 2738 429 2792 admorso
448 2741 555 2808 signata
573 2741 600 2794 in
619 2742 703 2812 stirpe
722 2743 841 2796 cicatrix.

139 2813 201 2867 Non
219 2814 299 2868 aliam
319 2814 353 2868 ob
372 2817 478 2885 culpam
498 2818 604 2870 Baccho
622 2835 703 2888 caper
722 2819 845 2873 omnibus
862 2819 916 2872 aris
954 2831 991 2870 seo

139 2890 271 2944 Caeditur
290 2895 319 2945 et
337 2898 445 2946 veteres
463 2894 558 2947 ineunt
576 2896 733 2962 proscaenia
750 2894 813 2962 ludi,

139 2966 320 3036 Praemiaque
338 2970 452 3037 ingeniis
470 2988 553 3040 pagos
573 2975 602 3025 et
620 2973 738 3041 compita
756 2975 856 3025 circum

139 3043 273 3098 Thesidae
290 3061 413 3113 posuere,
431 3051 515 3115 atque
533 3047 607 3102 iuter
623 3048 719 3116 pocula
737 3047 801 3100 laeti

139 3118 269 3172 Mollibus
287 3123 313 3174 in
331 3123 418 3190 pratis
437 3127 532 3176 unctos
550 3125 656 3177 saluere
673 3141 724 3192 per
741 3127 825 3178 utres.

140 3194 269 3256 Necnon
291 3199 413 3267 Ausonii,
432 3200 514 3252 Troia
530 3215 598 3267 gens
616 3201 704 3261 missa,
723 3199 809 3254 coloni
955 3212 992 3252 aas
