2242 3550
380 127 585 182 GEORGIOON
608 134 679 182 LIB.
705 133 760 182 111.
958 133 989 180 65

138 209 206 262 lum
223 225 289 264 vero
306 210 437 264 ardentes
455 212 525 266 oculi
544 215 628 280 atque
647 215 782 266 attractus
800 209 835 264 ab
853 210 909 264 alte
955 221 992 264 555

135 285 263 354 Spiritus,
282 286 422 340 interdum
440 289 547 356 gemitu
564 289 664 356 gravis,
682 289 792 356 imaque
810 287 891 354 leuge

136 361 190 415 Ilia
209 363 331 430 singultu
350 364 475 430 tendunt,
495 365 517 418 it
535 365 646 418 neribus
665 369 726 418 ater

135 439 259 508 Sanguis
279 443 308 493 et
327 441 451 494 obsessus
469 442 560 495 fauces
578 443 680 511 premit
697 458 794 510 aspera
812 441 910 509 lingua

136 518 245 572 Profuit
264 519 369 572 inserto
387 519 484 573 latices
502 519 646 572 infundere
665 535 749 572 cornu

134 595 274 660 Lenaeos;
297 613 329 648 ea
347 597 405 648 vise
423 597 496 648 salus
515 596 696 649 morientibus
714 612 783 659 una;
956 609 993 649 ⁵10

134 671 203 726 Mox
222 675 282 725 erut
300 672 351 725 hoe
367 673 457 739 ipsum
476 672 569 738 exitio,
588 673 724 741 furiisque
743 671 841 726 refecti

135 747 290 814 Ardebant,
309 748 417 816 ipsique
436 766 498 802 suos
516 749 569 802 iam
589 753 678 802 morte
697 748 747 802 sub
766 765 884 816 aegra-

134 823 171 878 Di
190 825 302 878 meliora
320 826 372 892 piis
391 842 568 894 erroremque
586 825 710 878 hostibus
728 825 804 878 illum
813 829 856 878 1-

134 899 271 955 Discissos
290 901 372 955 nudis
390 902 530 956 laniabant
549 901 679 954 dentibus
697 905 782 955 artus.

134 978 206 1032 Eece
224 983 317 1032 autem
336 979 405 1032 duro
423 979 532 1032 fumans
550 977 601 1031 sub
620 995 729 1031 vomere
747 981 844 1031 taurus
955 991 992 1030 515

134 1054 262 1108 Concidit
281 1059 310 1108 et
328 1056 444 1108 mixtum
463 1055 566 1123 spumis
585 1055 670 1107 vomit
688 1071 736 1106 ere
754 1069 879 1107 eruerem

136 1131 336 1200 Extremusque
354 1132 409 1184 ciet
426 1131 552 1198 gemitus.
590 1131 619 1184 It
637 1130 726 1183 tristis
745 1135 844 1195 arator,

134 1207 306 1261 Maerentem
325 1207 476 1282 abiungens
494 1207 617 1260 fraterna
634 1210 723 1259 morte
741 1206 892 1271 iurerreum5

137 1285 232 1351 Atque
250 1300 333 1352 opere
350 1284 379 1336 in
396 1283 487 1336 medie
506 1283 598 1336 defixa
615 1282 747 1350 relinquit
766 1287 866 1335 aratra.

134 1359 161 1412 N
163 1376 197 1412 en
212 1359 326 1424 umbrae
341 1359 460 1412 altorum
476 1375 626 1426 nemorum,
641 1376 695 1412 non
711 1358 804 1412 mollia
819 1361 934 1426 possunt
955 1373 991 1412 520

135 1435 219 1488 Prata
237 1452 347 1488 movere
366 1435 493 1499 animum,
514 1451 574 1501 non,
594 1435 641 1503 qui
660 1452 710 1504 per
729 1451 793 1487 saxa
811 1434 921 1488 volutus

135 1511 235 1564 Pru-ior
253 1512 354 1564 electro
373 1527 499 1578 eampum
518 1512 589 1579 petit
608 1512 710 1576 amuis3
730 1515 760 1564 at
778 1511 833 1564 ima

135 1587 284 1641 Solvuntur
301 1587 397 1654 lutera,
415 1592 499 1654 atque
518 1588 609 1640 oeulos
628 1591 723 1656 stupor
741 1592 841 1654 urguet
859 1587 964 1651 inertis,

135 1664 182 1718 Ad
201 1668 359 1732 terramque
378 1663 439 1716 fluit
458 1663 562 1716 devexo
580 1664 702 1733 pondere
720 1665 820 1717 cervix.

135 1741 208 1805 Quid
220 1741 298 1793 labor
309 1745 358 1794 eut
370 1740 515 1793 benefacta
527 1741 638 1794 iuvantl
652 1741 719 1809 quid
733 1757 840 1793 vomere
854 1742 944 1792 terras

135 1817 286 1870 lurertisse
303 1817 412 1884 gravisi
433 1817 510 1885 atqui
528 1833 581 1870 non
601 1817 718 1870 Massica
737 1816 837 1870 Baeclri
953 1830 990 1868 me

135 1895 257 1960 Munera,
275 1909 329 1946 non
347 1893 400 1945 illis
419 1893 516 1960 epulae
534 1910 651 1946 nocuere
670 1897 809 1960 repostae:

136 1970 291 2024 Frondibus
310 1972 339 2022 et
356 1968 430 2022 vietu
448 1973 598 2036 pascuntur
614 1969 744 2036 simplicis
762 1969 870 2033 herbae,

136 2047 236 2100 Pocula
255 2049 319 2099 sunt
336 2045 425 2098 fontes
444 2044 542 2112 liquidi
562 2049 646 2112 atque
664 2045 785 2098 exercita
803 2061 884 2098 eursu

135 2122 268 2188 Flumina,
287 2138 337 2174 nee
355 2137 463 2192 somnos
481 2120 621 2188 abrumpit
638 2137 703 2173 eura
720 2120 843 2173 salubris.
954 2135 991 2174 555

135 2198 268 2267 Tempore
286 2215 338 2250 non
358 2198 410 2250 alio
429 2197 524 2250 dieunt
542 2197 700 2264 regionibus
717 2196 770 2249 illis

135 2274 279 2338 Quaesitus
297 2274 333 2326 ad
353 2291 429 2327 saera
446 2274 530 2328 boves
550 2273 670 2339 Iunonis,
690 2276 719 2327 et
738 2273 794 2326 uris

136 2351 281 2419 inparibus
300 2350 397 2403 ductos
416 2350 471 2404 alta
489 2350 525 2402 ad
544 2349 655 2402 donaria
674 2367 777 2403 currus.

134 2427 207 2493 Ergo
225 2442 307 2494 aegre
326 2426 422 2479 rastris
441 2430 544 2479 terram
563 2426 705 2494 rimantur,
724 2430 753 2478 et
772 2426 837 2494 ipsis

134 2501 279 2568 Unguibus
296 2502 435 2555 infodiunt
453 2502 553 2568 fruges,
572 2503 728 2570 montisque
747 2519 796 2569 per
813 2503 884 2556 altos
952 2519 987 2558 535

134 2578 271 2632 Contenta
289 2579 394 2631 cervice
412 2579 527 2631 trahunt
546 2577 692 2631 stridentia
710 2579 842 2646 plaustra.

133 2653 194 2706 u'on
212 2653 292 2722 lupus
311 2653 423 2707 insidias
442 2655 566 2723 explorat
584 2655 665 2708 ovilia
684 2656 793 2722 circum,

133 2729 156 2782 N
160 2746 191 2782 ee
208 2729 338 2798 gregibus
357 2735 505 2783 nocturnus
523 2731 696 2798 obarnbulat3
717 2732 804 2784 acrior
821 2731 898 2786 illum

133 2805 205 2858 Cura
223 2804 330 2872 domat3
352 2807 442 2860 timidi
461 2807 585 2861 dammae
604 2810 732 2877 cervique
749 2807 860 2875 fugaces

132 2881 213 2934 Nune
229 2882 357 2952 interque
375 2900 456 2936 canes
474 2888 503 2937 et
520 2885 621 2937 circum
640 2889 715 2938 tecta
733 2887 875 2951 vagantur.
950 2901 986 2942 540

133 2957 191 3009 lum
211 2959 294 3011 maris
315 2960 429 3012 inmensi
447 2961 551 3028 prolem
570 2965 599 3014 et
616 2978 701 3028 genus
719 2976 798 3012 omne
817 2964 959 3017 natantum

132 3033 227 3086 Litore
245 3036 272 3088 in
291 3041 421 3102 extremo,
440 3055 490 3090 eeu
508 3039 638 3106 naufraga
656 3055 777 3105 corpora,
797 3037 895 3091 fluetus

133 3109 255 3178 Proluit;
273 3114 398 3166 insolitae
416 3114 524 3181 fugiunt
543 3115 570 3166 in
589 3115 700 3166 flumina
718 3119 827 3182 phocae.

133 3187 236 3242 Interit
254 3193 283 3243 et
300 3191 389 3242 curvis
406 3190 510 3243 frustra
527 3189 639 3243 defensa
657 3190 771 3244 latebris
