<?xml version="1.0" encoding="UTF-8"?>
<!DOCTYPE html PUBLIC "-//W3C//DTD XHTML 1.0 Transitional//EN"
    "http://www.w3.org/TR/xhtml1/DTD/xhtml1-transitional.dtd">
<html xmlns="http://www.w3.org/1999/xhtml" xml:lang="en" lang="en">
 <head>
  <title>
</title>
<meta http-equiv="Content-Type" content="text/html;charset=utf-8" />
  <meta name='ocr-system' content='tesseract 3.04.00' />
  <meta name='ocr-capabilities' content='ocr_page ocr_carea ocr_par ocr_line ocrx_word'/>
</head>
<body>
  <div class='ocr_page' id='page_1' title='image "./operaexrecensio02virggoog_0143.png"; bbox 0 0 2274 3554; ppageno 0'>
   <div class='ocr_carea' id='block_1_1' title="bbox 162 157 1018 850">
    <p class='ocr_par' dir='ltr' id='par_1_1' title="bbox 162 157 1018 850">
     <span class='ocr_line' id='line_1_1' title="bbox 413 157 1015 214; baseline -0.012 0"><span class='ocrx_word' id='word_1_1' title='bbox 413 162 596 214; x_wconf 84' lang='lat' dir='ltr'>AENEIDOS</span> <span class='ocrx_word' id='word_1_2' title='bbox 616 161 685 210; x_wconf 91' lang='lat' dir='ltr'><strong>LIB.</strong></span> <span class='ocrx_word' id='word_1_3' title='bbox 708 160 761 208; x_wconf 84' lang='grc' dir='ltr'>ΙΙΙ.</span> <span class='ocrx_word' id='word_1_4' title='bbox 968 157 1015 208; x_wconf 77' lang='grc'><strong>131</strong></span> 
     </span>
     <span class='ocr_line' id='line_1_2' title="bbox 163 240 848 318; baseline -0.013 -13"><span class='ocrx_word' id='word_1_5' title='bbox 163 245 290 318; x_wconf 80' lang='lat' dir='ltr'><strong>Derignit</strong></span> <span class='ocrx_word' id='word_1_6' title='bbox 307 249 367 302; x_wconf 80' lang='lat' dir='ltr'><strong>risu</strong></span> <span class='ocrx_word' id='word_1_7' title='bbox 383 247 413 300; x_wconf 93' lang='lat' dir='ltr'><strong>in</strong></span> <span class='ocrx_word' id='word_1_8' title='bbox 430 245 529 310; x_wconf 90' lang='lat' dir='ltr'><strong>medio,</strong></span> <span class='ocrx_word' id='word_1_9' title='bbox 547 243 622 298; x_wconf 85' lang='lat' dir='ltr'><strong>calor</strong></span> <span class='ocrx_word' id='word_1_10' title='bbox 640 258 702 296; x_wconf 89' lang='lat' dir='ltr'><strong>ossa</strong></span> <span class='ocrx_word' id='word_1_11' title='bbox 720 240 848 310; x_wconf 90' lang='lat' dir='ltr'><strong>reliquit;</strong></span> 
     </span>
     <span class='ocr_line' id='line_1_3' title="bbox 162 318 871 396; baseline -0.013 -15"><span class='ocrx_word' id='word_1_12' title='bbox 162 326 285 396; x_wconf 80' lang='lat' dir='ltr'><strong>Labitur,</strong></span> <span class='ocrx_word' id='word_1_13' title='bbox 304 329 333 379; x_wconf 87' lang='lat' dir='ltr'><strong>ct</strong></span> <span class='ocrx_word' id='word_1_14' title='bbox 350 325 430 392; x_wconf 83' lang='lat' dir='ltr'><strong>longo</strong></span> <span class='ocrx_word' id='word_1_15' title='bbox 448 323 495 376; x_wconf 83' lang='lat' dir='ltr'><strong>vix</strong></span> <span class='ocrx_word' id='word_1_16' title='bbox 512 321 624 375; x_wconf 88' lang='lat' dir='ltr'><strong>tandem</strong></span> <span class='ocrx_word' id='word_1_17' title='bbox 642 323 767 388; x_wconf 89' lang='lat' dir='ltr'><strong>tempore</strong></span> <span class='ocrx_word' id='word_1_18' title='bbox 785 318 871 372; x_wconf 87' lang='lat' dir='ltr'><strong>fatur:</strong></span> 
     </span>
     <span class='ocr_line' id='line_1_4' title="bbox 163 394 1018 468; baseline -0.012 -12"><span class='ocrx_word' id='word_1_19' title='bbox 163 402 272 456; x_wconf 80' lang='lat' dir='ltr'><strong>Verane</strong></span> <span class='ocrx_word' id='word_1_20' title='bbox 289 405 319 454; x_wconf 89' lang='lat' dir='ltr'><strong>te</strong></span> <span class='ocrx_word' id='word_1_21' title='bbox 335 401 425 468; x_wconf 84' lang='lat' dir='ltr'><strong>facies,</strong></span> <span class='ocrx_word' id='word_1_22' title='bbox 443 415 526 453; x_wconf 88' lang='lat' dir='ltr'><strong>verus</strong></span> <span class='ocrx_word' id='word_1_23' title='bbox 543 397 610 450; x_wconf 92' lang='lat' dir='ltr'><strong>mihi</strong></span> <span class='ocrx_word' id='word_1_24' title='bbox 627 395 739 450; x_wconf 91' lang='lat' dir='ltr'><strong>nuntius</strong></span> <span class='ocrx_word' id='word_1_25' title='bbox 757 394 857 460; x_wconf 83' lang='lat' dir='ltr'><strong>adfers,</strong></span> <span class='ocrx_word' id='word_1_26' title='bbox 979 405 1018 447; x_wconf 82' lang='lat' dir='ltr'><strong>alo</strong></span> 
     </span>
     <span class='ocr_line' id='line_1_5' title="bbox 162 471 875 550; baseline -0.013 -18"><span class='ocrx_word' id='word_1_27' title='bbox 162 478 235 532; x_wconf 88' lang='lat' dir='ltr'><strong>Nate</strong></span> <span class='ocrx_word' id='word_1_28' title='bbox 254 477 322 531; x_wconf 85' lang='lat' dir='ltr'><strong>deal</strong></span> <span class='ocrx_word' id='word_1_29' title='bbox 343 477 464 550; x_wconf 81' lang='lat' dir='ltr'><strong>vivisnel</strong></span> <span class='ocrx_word' id='word_1_30' title='bbox 485 477 540 541; x_wconf 90' lang='lat' dir='ltr'><strong>aut,</strong></span> <span class='ocrx_word' id='word_1_31' title='bbox 559 474 583 528; x_wconf 90' lang='lat' dir='ltr'><strong>si</strong></span> <span class='ocrx_word' id='word_1_32' title='bbox 600 473 648 526; x_wconf 87' lang='lat' dir='ltr'><strong>lux</strong></span> <span class='ocrx_word' id='word_1_33' title='bbox 666 472 738 525; x_wconf 88' lang='lat' dir='ltr'><strong>alma</strong></span> <span class='ocrx_word' id='word_1_34' title='bbox 755 471 875 538; x_wconf 79' lang='lat' dir='ltr'>recessit,</span> 
     </span>
     <span class='ocr_line' id='line_1_6' title="bbox 162 547 996 619; baseline -0.011 -11"><span class='ocrx_word' id='word_1_35' title='bbox 162 555 269 608; x_wconf 80' lang='lat' dir='ltr'>Hector</span> <span class='ocrx_word' id='word_1_36' title='bbox 286 552 333 606; x_wconf 94' lang='lat' dir='ltr'><strong>ubi</strong></span> <span class='ocrx_word' id='word_1_37' title='bbox 351 553 410 606; x_wconf 88' lang='lat' dir='ltr'><strong>estl</strong></span> <span class='ocrx_word' id='word_1_38' title='bbox 431 551 509 619; x_wconf 80' lang='lat' dir='ltr'><strong>dixit,</strong></span> <span class='ocrx_word' id='word_1_39' title='bbox 527 551 707 618; x_wconf 82' lang='lat' dir='ltr'>lacrimasque</span> <span class='ocrx_word' id='word_1_40' title='bbox 726 547 824 602; x_wconf 85' lang='lat' dir='ltr'><strong>effudit</strong></span> <span class='ocrx_word' id='word_1_41' title='bbox 841 551 870 600; x_wconf 88' lang='lat' dir='ltr'><strong>et</strong></span> <span class='ocrx_word' id='word_1_42' title='bbox 888 561 996 600; x_wconf 89' lang='lat' dir='ltr'><strong>omnem</strong></span> 
     </span>
     <span class='ocr_line' id='line_1_7' title="bbox 163 623 845 699; baseline -0.007 -16"><span class='ocrx_word' id='word_1_43' title='bbox 163 628 282 699; x_wconf 76' lang='lat' dir='ltr'><strong>Inplevit</strong></span> <span class='ocrx_word' id='word_1_44' title='bbox 300 629 418 682; x_wconf 89' lang='lat' dir='ltr'><strong>clamore</strong></span> <span class='ocrx_word' id='word_1_45' title='bbox 434 628 530 682; x_wconf 92' lang='lat' dir='ltr'><strong>locum.</strong></span> <span class='ocrx_word' id='word_1_46' title='bbox 567 626 622 680; x_wconf 89' lang='lat' dir='ltr'><strong>Vix</strong></span> <span class='ocrx_word' id='word_1_47' title='bbox 640 641 726 693; x_wconf 88' lang='lat' dir='ltr'><strong>pauca</strong></span> <span class='ocrx_word' id='word_1_48' title='bbox 743 623 845 678; x_wconf 84' lang='lat' dir='ltr'><strong>furenti</strong></span> 
     </span>
     <span class='ocr_line' id='line_1_8' title="bbox 163 701 795 760; baseline -0.009 0"><span class='ocrx_word' id='word_1_49' title='bbox 163 705 281 760; x_wconf 79' lang='lat' dir='ltr'><strong>Sublicio</strong></span> <span class='ocrx_word' id='word_1_50' title='bbox 300 708 329 759; x_wconf 87' lang='lat' dir='ltr'><strong>et</strong></span> <span class='ocrx_word' id='word_1_51' title='bbox 346 705 416 758; x_wconf 82' lang='lat' dir='ltr'><strong>raris</strong></span> <span class='ocrx_word' id='word_1_52' title='bbox 433 703 562 757; x_wconf 86' lang='lat' dir='ltr'><strong>turbatus</strong></span> <span class='ocrx_word' id='word_1_53' title='bbox 579 702 690 756; x_wconf 84' lang='lat' dir='ltr'><strong>vocibus</strong></span> <span class='ocrx_word' id='word_1_54' title='bbox 707 701 795 755; x_wconf 81' lang='lat' dir='ltr'>hisco:</span> 
     </span>
     <span class='ocr_line' id='line_1_9' title="bbox 163 778 1018 850; baseline -0.008 -15"><span class='ocrx_word' id='word_1_55' title='bbox 163 781 232 835; x_wconf 83' lang='lat' dir='ltr'><strong>Vivo</strong></span> <span class='ocrx_word' id='word_1_56' title='bbox 245 781 381 850; x_wconf 80' lang='lat' dir='ltr'>equidem,</span> <span class='ocrx_word' id='word_1_57' title='bbox 393 781 532 848; x_wconf 88' lang='lat' dir='ltr'><strong>vitamque</strong></span> <span class='ocrx_word' id='word_1_58' title='bbox 544 783 669 832; x_wconf 87' lang='lat' dir='ltr'><strong>extrema</strong></span> <span class='ocrx_word' id='word_1_59' title='bbox 686 794 736 847; x_wconf 89' lang='lat' dir='ltr'><strong>per</strong></span> <span class='ocrx_word' id='word_1_60' title='bbox 752 778 842 830; x_wconf 88' lang='lat' dir='ltr'><strong>omnia</strong></span> <span class='ocrx_word' id='word_1_61' title='bbox 859 780 944 838; x_wconf 87' lang='lat' dir='ltr'><strong>duco;</strong></span> <span class='ocrx_word' id='word_1_62' title='bbox 982 789 1018 828; x_wconf 79' lang='lat' dir='ltr'><strong>sss</strong></span> 
     </span>
    </p>
   </div>
   <div class='ocr_carea' id='block_1_2' title="bbox 87 856 594 926">
    <p class='ocr_par' dir='ltr' id='par_1_2' title="bbox 87 856 594 926">
     <span class='ocr_line' id='line_1_10' title="bbox 87 856 594 926; baseline -0.016 -10"><span class='ocrx_word' id='word_1_63' title='bbox 87 911 89 916; x_wconf 81' lang='grc'>,</span> <span class='ocrx_word' id='word_1_64' title='bbox 162 858 188 910; x_wconf 88' lang='lat' dir='ltr'>N</span> <span class='ocrx_word' id='word_1_65' title='bbox 191 875 206 912; x_wconf 90' lang='lat' dir='ltr'><strong>c</strong></span> <span class='ocrx_word' id='word_1_66' title='bbox 225 858 408 926; x_wconf 75' lang='lat' dir='ltr'><strong>dubitarem</strong></span> <span class='ocrx_word' id='word_1_67' title='bbox 427 873 492 910; x_wconf 90' lang='lat' dir='ltr'><strong>vera</strong></span> <span class='ocrx_word' id='word_1_68' title='bbox 509 856 594 910; x_wconf 88' lang='lat' dir='ltr'><strong>vides.</strong></span> 
     </span>
    </p>
   </div>
   <div class='ocr_carea' id='block_1_3' title="bbox 146 932 1018 3063">
    <p class='ocr_par' dir='ltr' id='par_1_3' title="bbox 163 932 851 1002">
     <span class='ocr_line' id='line_1_11' title="bbox 163 932 851 1002; baseline -0.006 -14"><span class='ocrx_word' id='word_1_69' title='bbox 163 933 246 988; x_wconf 87' lang='lat' dir='ltr'><strong>chl.</strong></span> <span class='ocrx_word' id='word_1_70' title='bbox 263 934 324 1002; x_wconf 87' lang='lat' dir='ltr'><strong>quis</strong></span> <span class='ocrx_word' id='word_1_71' title='bbox 343 937 372 988; x_wconf 89' lang='lat' dir='ltr'><strong>te</strong></span> <span class='ocrx_word' id='word_1_72' title='bbox 390 950 468 987; x_wconf 90' lang='lat' dir='ltr'><strong>casus</strong></span> <span class='ocrx_word' id='word_1_73' title='bbox 487 933 622 986; x_wconf 87' lang='lat' dir='ltr'><strong>deiectam</strong></span> <span class='ocrx_word' id='word_1_74' title='bbox 640 932 754 1001; x_wconf 84' lang='lat' dir='ltr'><strong>coniuge</strong></span> <span class='ocrx_word' id='word_1_75' title='bbox 772 933 851 985; x_wconf 89' lang='lat' dir='ltr'><strong>tanto</strong></span> 
     </span>
    </p>

    <p class='ocr_par' dir='ltr' id='par_1_4' title="bbox 163 1007 1018 1306">
     <span class='ocr_line' id='line_1_12' title="bbox 163 1007 873 1079; baseline -0.004 -16"><span class='ocrx_word' id='word_1_76' title='bbox 163 1011 272 1078; x_wconf 88' lang='lat' dir='ltr'><strong>Excipit</strong></span> <span class='ocrx_word' id='word_1_77' title='bbox 280 1012 288 1064; x_wconf 87' lang='lat' dir='ltr'><strong>l</strong></span> <span class='ocrx_word' id='word_1_78' title='bbox 311 1015 359 1063; x_wconf 90' lang='lat' dir='ltr'><strong>aut</strong></span> <span class='ocrx_word' id='word_1_79' title='bbox 377 1027 448 1079; x_wconf 91' lang='lat' dir='ltr'><strong>quae</strong></span> <span class='ocrx_word' id='word_1_80' title='bbox 467 1009 550 1076; x_wconf 87' lang='lat' dir='ltr'><strong>digna</strong></span> <span class='ocrx_word' id='word_1_81' title='bbox 567 1009 633 1062; x_wconf 88' lang='lat' dir='ltr'><strong>satis</strong></span> <span class='ocrx_word' id='word_1_82' title='bbox 651 1009 761 1062; x_wconf 82' lang='lat' dir='ltr'><strong>fortuna</strong></span> <span class='ocrx_word' id='word_1_83' title='bbox 777 1007 873 1061; x_wconf 86' lang='lat' dir='ltr'><strong>revisit</strong></span> 
     </span>
     <span class='ocr_line' id='line_1_13' title="bbox 163 1084 965 1152; baseline -0.001 -13"><span class='ocrx_word' id='word_1_84' title='bbox 163 1086 291 1139; x_wconf 80' lang='lat' dir='ltr'>Hectoris</span> <span class='ocrx_word' id='word_1_85' title='bbox 312 1085 540 1140; x_wconf 83' lang='lat' dir='ltr'><strong>Andromachenl</strong></span> <span class='ocrx_word' id='word_1_86' title='bbox 563 1085 686 1152; x_wconf 80' lang='lat' dir='ltr'><strong>Pyrrhin&#39;</strong></span> <span class='ocrx_word' id='word_1_87' title='bbox 705 1084 838 1138; x_wconf 90' lang='lat' dir='ltr'><strong>connubia</strong></span> <span class='ocrx_word' id='word_1_88' title='bbox 856 1085 965 1138; x_wconf 74' lang='lat' dir='ltr'><strong>servaei</strong></span> 
     </span>
     <span class='ocr_line' id='line_1_14' title="bbox 163 1160 1018 1216; baseline 0 -2"><span class='ocrx_word' id='word_1_89' title='bbox 163 1160 269 1214; x_wconf 80' lang='lat' dir='ltr'><strong>Deiecit</strong></span> <span class='ocrx_word' id='word_1_90' title='bbox 286 1161 390 1214; x_wconf 84' lang='lat' dir='ltr'><strong>voltum</strong></span> <span class='ocrx_word' id='word_1_91' title='bbox 408 1165 438 1215; x_wconf 89' lang='lat' dir='ltr'><strong>et</strong></span> <span class='ocrx_word' id='word_1_92' title='bbox 455 1162 575 1215; x_wconf 88' lang='lat' dir='ltr'><strong>demissa</strong></span> <span class='ocrx_word' id='word_1_93' title='bbox 592 1178 657 1215; x_wconf 90' lang='lat' dir='ltr'><strong>voce</strong></span> <span class='ocrx_word' id='word_1_94' title='bbox 675 1161 766 1215; x_wconf 89' lang='lat' dir='ltr'><strong>locuta</strong></span> <span class='ocrx_word' id='word_1_95' title='bbox 784 1165 838 1216; x_wconf 88' lang='lat' dir='ltr'><strong>est:</strong></span> <span class='ocrx_word' id='word_1_96' title='bbox 981 1174 1018 1214; x_wconf 76' lang='lat' dir='ltr'><strong>sao</strong></span> 
     </span>
     <span class='ocr_line' id='line_1_15' title="bbox 163 1235 765 1306; baseline 0.002 -15"><span class='ocrx_word' id='word_1_97' title='bbox 163 1235 187 1291; x_wconf 95' lang='grc' dir='ltr'><strong>Ο</strong></span> <span class='ocrx_word' id='word_1_98' title='bbox 205 1237 271 1290; x_wconf 81' lang='lat' dir='ltr'><strong>felix</strong></span> <span class='ocrx_word' id='word_1_99' title='bbox 288 1253 343 1290; x_wconf 92' lang='lat' dir='ltr'><strong>una</strong></span> <span class='ocrx_word' id='word_1_100' title='bbox 360 1241 425 1291; x_wconf 87' lang='lat' dir='ltr'><strong>ante</strong></span> <span class='ocrx_word' id='word_1_101' title='bbox 443 1239 510 1291; x_wconf 89' lang='lat' dir='ltr'><strong>alias</strong></span> <span class='ocrx_word' id='word_1_102' title='bbox 529 1238 664 1291; x_wconf 80' lang='lat' dir='ltr'><strong>Priameia</strong></span> <span class='ocrx_word' id='word_1_103' title='bbox 680 1239 765 1306; x_wconf 83' lang='lat' dir='ltr'><strong>virgo,</strong></span> 
     </span>
    </p>

    <p class='ocr_par' dir='ltr' id='par_1_5' title="bbox 163 1313 936 1460">
     <span class='ocr_line' id='line_1_16' title="bbox 163 1313 936 1369; baseline -0.001 -2"><span class='ocrx_word' id='word_1_104' title='bbox 163 1313 301 1368; x_wconf 83' lang='lat' dir='ltr'><strong>Hostilem</strong></span> <span class='ocrx_word' id='word_1_105' title='bbox 320 1313 356 1367; x_wconf 92' lang='lat' dir='ltr'><strong>ad</strong></span> <span class='ocrx_word' id='word_1_106' title='bbox 374 1315 509 1368; x_wconf 92' lang='lat' dir='ltr'><strong>tumulum</strong></span> <span class='ocrx_word' id='word_1_107' title='bbox 527 1314 624 1368; x_wconf 82' lang='lat' dir='ltr'><strong>Troiae</strong></span> <span class='ocrx_word' id='word_1_108' title='bbox 642 1315 693 1369; x_wconf 91' lang='lat' dir='ltr'><strong>suh</strong></span> <span class='ocrx_word' id='word_1_109' title='bbox 711 1315 855 1368; x_wconf 87' lang='lat' dir='ltr'><strong>moenibus</strong></span> <span class='ocrx_word' id='word_1_110' title='bbox 873 1313 936 1368; x_wconf 90' lang='lat' dir='ltr'><strong>altis</strong></span> 
     </span>
     <span class='ocr_line' id='line_1_17' title="bbox 164 1390 854 1460; baseline 0 -17"><span class='ocrx_word' id='word_1_111' title='bbox 164 1390 242 1444; x_wconf 87' lang='lat' dir='ltr'><strong>Iussa</strong></span> <span class='ocrx_word' id='word_1_112' title='bbox 258 1390 335 1457; x_wconf 89' lang='lat' dir='ltr'><strong>mori,</strong></span> <span class='ocrx_word' id='word_1_113' title='bbox 355 1407 425 1460; x_wconf 88' lang='lat' dir='ltr'><strong>quae</strong></span> <span class='ocrx_word' id='word_1_114' title='bbox 443 1391 556 1444; x_wconf 87' lang='lat' dir='ltr'><strong>sortitus</strong></span> <span class='ocrx_word' id='word_1_115' title='bbox 575 1408 629 1444; x_wconf 89' lang='lat' dir='ltr'><strong>non</strong></span> <span class='ocrx_word' id='word_1_116' title='bbox 646 1392 761 1460; x_wconf 87' lang='lat' dir='ltr'><strong>pertulit</strong></span> <span class='ocrx_word' id='word_1_117' title='bbox 779 1391 854 1459; x_wconf 89' lang='lat' dir='ltr'><strong>ullos,</strong></span> 
     </span>
    </p>

    <p class='ocr_par' dir='ltr' id='par_1_6' title="bbox 146 1467 784 1537">
     <span class='ocr_line' id='line_1_18' title="bbox 146 1467 784 1537; baseline 0.005 -18"><span class='ocrx_word' id='word_1_118' title='bbox 146 1467 221 1520; x_wconf 87' lang='lat' dir='ltr'><strong>·Nec</strong></span> <span class='ocrx_word' id='word_1_119' title='bbox 239 1467 349 1520; x_wconf 85' lang='lat' dir='ltr'><strong>victoris</strong></span> <span class='ocrx_word' id='word_1_120' title='bbox 367 1467 426 1522; x_wconf 89' lang='lat' dir='ltr'><strong>heri</strong></span> <span class='ocrx_word' id='word_1_121' title='bbox 444 1468 539 1536; x_wconf 84' lang='lat' dir='ltr'><strong>tetigit</strong></span> <span class='ocrx_word' id='word_1_122' title='bbox 556 1469 663 1537; x_wconf 87' lang='lat' dir='ltr'><strong>captiva</strong></span> <span class='ocrx_word' id='word_1_123' title='bbox 681 1468 784 1522; x_wconf 86' lang='lat' dir='ltr'><strong>cubile!</strong></span> 
     </span>
    </p>

    <p class='ocr_par' dir='ltr' id='par_1_7' title="bbox 155 1542 1018 2069">
     <span class='ocr_line' id='line_1_19' title="bbox 162 1542 1018 1614; baseline 0.001 -19"><span class='ocrx_word' id='word_1_124' title='bbox 162 1542 188 1595; x_wconf 92' lang='lat' dir='ltr'>N</span> <span class='ocrx_word' id='word_1_125' title='bbox 190 1560 227 1610; x_wconf 89' lang='lat' dir='ltr'><strong>os,</strong></span> <span class='ocrx_word' id='word_1_126' title='bbox 246 1543 335 1612; x_wconf 88' lang='lat' dir='ltr'><strong>patria</strong></span> <span class='ocrx_word' id='word_1_127' title='bbox 352 1544 462 1598; x_wconf 89' lang='lat' dir='ltr'><strong>incensa</strong></span> <span class='ocrx_word' id='word_1_128' title='bbox 480 1543 589 1598; x_wconf 86' lang='lat' dir='ltr'><strong>diversa</strong></span> <span class='ocrx_word' id='word_1_129' title='bbox 607 1562 658 1614; x_wconf 87' lang='lat' dir='ltr'><strong>per</strong></span> <span class='ocrx_word' id='word_1_130' title='bbox 675 1562 795 1614; x_wconf 89' lang='lat' dir='ltr'><strong>aequora</strong></span> <span class='ocrx_word' id='word_1_131' title='bbox 812 1547 915 1611; x_wconf 82' lang='lat' dir='ltr'><strong>rectae,</strong></span> <span class='ocrx_word' id='word_1_132' title='bbox 982 1557 1018 1596; x_wconf 82' lang='lat' dir='ltr'><strong>sao</strong></span> 
     </span>
     <span class='ocr_line' id='line_1_20' title="bbox 163 1620 902 1690; baseline 0.003 -19"><span class='ocrx_word' id='word_1_133' title='bbox 163 1620 262 1688; x_wconf 79' lang='lat' dir='ltr'><strong>Stirpis</strong></span> <span class='ocrx_word' id='word_1_134' title='bbox 282 1620 424 1676; x_wconf 86' lang='lat' dir='ltr'><strong>Achilleae</strong></span> <span class='ocrx_word' id='word_1_135' title='bbox 441 1622 529 1676; x_wconf 86' lang='lat' dir='ltr'><strong>fastus</strong></span> <span class='ocrx_word' id='word_1_136' title='bbox 546 1622 729 1690; x_wconf 88' lang='lat' dir='ltr'><strong>iuvenemque</strong></span> <span class='ocrx_word' id='word_1_137' title='bbox 747 1620 902 1690; x_wconf 89' lang='lat' dir='ltr'><strong>superbum,</strong></span> 
     </span>
     <span class='ocr_line' id='line_1_21' title="bbox 162 1696 867 1766; baseline 0.003 -18"><span class='ocrx_word' id='word_1_138' title='bbox 162 1696 279 1750; x_wconf 78' lang='lat' dir='ltr'><strong>Servitio</strong></span> <span class='ocrx_word' id='word_1_139' title='bbox 297 1697 399 1761; x_wconf 81' lang='lat' dir='ltr'><strong>enixae,</strong></span> <span class='ocrx_word' id='word_1_140' title='bbox 417 1699 544 1763; x_wconf 89' lang='lat' dir='ltr'><strong>tulimus;</strong></span> <span class='ocrx_word' id='word_1_141' title='bbox 567 1699 614 1766; x_wconf 93' lang='lat' dir='ltr'><strong>qui</strong></span> <span class='ocrx_word' id='word_1_142' title='bbox 632 1697 739 1763; x_wconf 88' lang='lat' dir='ltr'><strong>deinde,</strong></span> <span class='ocrx_word' id='word_1_143' title='bbox 758 1701 867 1751; x_wconf 86' lang='lat' dir='ltr'><strong>secutus</strong></span> 
     </span>
     <span class='ocr_line' id='line_1_22' title="bbox 163 1771 981 1843; baseline 0.004 -20"><span class='ocrx_word' id='word_1_144' title='bbox 163 1771 300 1828; x_wconf 80' lang='lat' dir='ltr'><strong>Ledaeam</strong></span> <span class='ocrx_word' id='word_1_145' title='bbox 321 1775 489 1828; x_wconf 83' lang='lat' dir='ltr'><strong>Hermionen</strong></span> <span class='ocrx_word' id='word_1_146' title='bbox 510 1774 795 1843; x_wconf 85' lang='lat' dir='ltr'><strong>Lacedaemoniosque</strong></span> <span class='ocrx_word' id='word_1_147' title='bbox 814 1774 981 1842; x_wconf 79' lang='lat' dir='ltr'><strong>hymenaeos,</strong></span> 
     </span>
     <span class='ocr_line' id='line_1_23' title="bbox 163 1847 981 1918; baseline 0.002 -18"><span class='ocrx_word' id='word_1_148' title='bbox 163 1847 209 1900; x_wconf 91' lang='lat' dir='ltr'><strong>Me</strong></span> <span class='ocrx_word' id='word_1_149' title='bbox 223 1848 325 1902; x_wconf 89' lang='lat' dir='ltr'><strong>famulo</strong></span> <span class='ocrx_word' id='word_1_150' title='bbox 337 1849 523 1918; x_wconf 86' lang='lat' dir='ltr'><strong>famulamque</strong></span> <span class='ocrx_word' id='word_1_151' title='bbox 537 1850 644 1903; x_wconf 87' lang='lat' dir='ltr'><strong>Heleno</strong></span> <span class='ocrx_word' id='word_1_152' title='bbox 656 1851 808 1904; x_wconf 87' lang='lat' dir='ltr'><strong>transmisit</strong></span> <span class='ocrx_word' id='word_1_153' title='bbox 820 1849 981 1904; x_wconf 88' lang='lat' dir='ltr'><strong>hahendam.</strong></span> 
     </span>
     <span class='ocr_line' id='line_1_24' title="bbox 155 1924 1018 2002; baseline 0.005 -26"><span class='ocrx_word' id='word_1_154' title='bbox 155 1925 218 1977; x_wconf 58' lang='lat' dir='ltr'><strong>‘Ast</strong></span> <span class='ocrx_word' id='word_1_155' title='bbox 234 1924 319 1990; x_wconf 91' lang='lat' dir='ltr'><strong>illum,</strong></span> <span class='ocrx_word' id='word_1_156' title='bbox 339 1929 451 2002; x_wconf 76' lang='lat' dir='ltr'><strong>ereptae</strong></span> <span class='ocrx_word' id='word_1_157' title='bbox 468 1942 568 1991; x_wconf 77' lang='lat' dir='ltr'><strong>magno</strong></span> <span class='ocrx_word' id='word_1_158' title='bbox 585 1926 769 1980; x_wconf 89' lang='lat' dir='ltr'><strong>inflammatus</strong></span> <span class='ocrx_word' id='word_1_159' title='bbox 787 1943 878 1980; x_wconf 88' lang='lat' dir='ltr'><strong>amore</strong></span> <span class='ocrx_word' id='word_1_160' title='bbox 982 1939 1018 1980; x_wconf 81' lang='lat' dir='ltr'><strong>seo</strong></span> 
     </span>
     <span class='ocr_line' id='line_1_25' title="bbox 162 1999 875 2069; baseline 0.004 -17"><span class='ocrx_word' id='word_1_161' title='bbox 162 1999 291 2066; x_wconf 81' lang='lat' dir='ltr'><strong>Coniugis</strong></span> <span class='ocrx_word' id='word_1_162' title='bbox 310 2004 339 2052; x_wconf 88' lang='lat' dir='ltr'><strong>et</strong></span> <span class='ocrx_word' id='word_1_163' title='bbox 356 2001 487 2052; x_wconf 85' lang='lat' dir='ltr'><strong>scelerum</strong></span> <span class='ocrx_word' id='word_1_164' title='bbox 507 2001 597 2053; x_wconf 84' lang='lat' dir='ltr'><strong>Furiis</strong></span> <span class='ocrx_word' id='word_1_165' title='bbox 616 2001 743 2069; x_wconf 88' lang='lat' dir='ltr'><strong>agitatus,</strong></span> <span class='ocrx_word' id='word_1_166' title='bbox 762 2001 875 2056; x_wconf 89' lang='lat' dir='ltr'><strong>Orestes</strong></span> 
     </span>
    </p>

    <p class='ocr_par' dir='ltr' id='par_1_8' title="bbox 162 2075 909 2219">
     <span class='ocr_line' id='line_1_26' title="bbox 163 2075 909 2143; baseline 0.007 -17"><span class='ocrx_word' id='word_1_167' title='bbox 163 2075 272 2141; x_wconf 81' lang='lat' dir='ltr'><strong>Excipit</strong></span> <span class='ocrx_word' id='word_1_168' title='bbox 289 2076 428 2128; x_wconf 89' lang='lat' dir='ltr'><strong>incautum</strong></span> <span class='ocrx_word' id='word_1_169' title='bbox 447 2076 605 2143; x_wconf 85' lang='lat' dir='ltr'><strong>patriasque</strong></span> <span class='ocrx_word' id='word_1_170' title='bbox 624 2076 770 2130; x_wconf 86' lang='lat' dir='ltr'><strong>obtruncat</strong></span> <span class='ocrx_word' id='word_1_171' title='bbox 788 2078 823 2130; x_wconf 90' lang='lat' dir='ltr'><strong>ad</strong></span> <span class='ocrx_word' id='word_1_172' title='bbox 841 2095 909 2136; x_wconf 85' lang='lat' dir='ltr'><strong>aras.</strong></span> 
     </span>
     <span class='ocr_line' id='line_1_27' title="bbox 162 2149 844 2219; baseline 0.003 -15"><span class='ocrx_word' id='word_1_173' title='bbox 162 2149 255 2206; x_wconf 81' lang='lat' dir='ltr'><strong>Morte</strong></span> <span class='ocrx_word' id='word_1_174' title='bbox 273 2151 449 2219; x_wconf 87' lang='lat' dir='ltr'><strong>Neoptolemi</strong></span> <span class='ocrx_word' id='word_1_175' title='bbox 468 2167 614 2219; x_wconf 81' lang='lat' dir='ltr'><strong>regnorum</strong></span> <span class='ocrx_word' id='word_1_176' title='bbox 633 2152 744 2205; x_wconf 80' lang='lat' dir='ltr'><strong>reddita</strong></span> <span class='ocrx_word' id='word_1_177' title='bbox 763 2154 844 2206; x_wconf 88' lang='lat' dir='ltr'><strong>cessit</strong></span> 
     </span>
    </p>

    <p class='ocr_par' dir='ltr' id='par_1_9' title="bbox 162 2225 1017 2529">
     <span class='ocr_line' id='line_1_28' title="bbox 162 2225 884 2298; baseline 0.004 -19"><span class='ocrx_word' id='word_1_178' title='bbox 162 2225 231 2280; x_wconf 86' lang='lat' dir='ltr'><strong>Pars</strong></span> <span class='ocrx_word' id='word_1_179' title='bbox 250 2227 364 2296; x_wconf 68' lang='lat' dir='ltr'><strong>Helena</strong></span> <span class='ocrx_word' id='word_1_180' title='bbox 382 2229 428 2296; x_wconf 88' lang='lat' dir='ltr'><strong>qui</strong></span> <span class='ocrx_word' id='word_1_181' title='bbox 447 2227 581 2282; x_wconf 77' lang='lat' dir='ltr'><strong>Chaonios</strong></span> <span class='ocrx_word' id='word_1_182' title='bbox 599 2229 758 2296; x_wconf 83' lang='lat' dir='ltr'><strong>cognomine</strong></span> <span class='ocrx_word' id='word_1_183' title='bbox 776 2246 884 2298; x_wconf 90' lang='lat' dir='ltr'><strong>campos</strong></span> 
     </span>
     <span class='ocr_line' id='line_1_29' title="bbox 162 2302 1017 2373; baseline 0.005 -15"><span class='ocrx_word' id='word_1_184' title='bbox 162 2302 365 2373; x_wconf 80' lang='lat' dir='ltr'><strong>Chaoniamque</strong></span> <span class='ocrx_word' id='word_1_185' title='bbox 383 2321 490 2358; x_wconf 87' lang='lat' dir='ltr'><strong>omnem</strong></span> <span class='ocrx_word' id='word_1_186' title='bbox 510 2306 625 2359; x_wconf 85' lang='lat' dir='ltr'><strong>Troiano</strong></span> <span class='ocrx_word' id='word_1_187' title='bbox 643 2322 660 2358; x_wconf 91' lang='lat' dir='ltr'><strong>a</strong></span> <span class='ocrx_word' id='word_1_188' title='bbox 679 2305 788 2359; x_wconf 79' lang='lat' dir='ltr'><strong>Chaone</strong></span> <span class='ocrx_word' id='word_1_189' title='bbox 807 2306 885 2373; x_wconf 86' lang='lat' dir='ltr'><strong>dixit,</strong></span> <span class='ocrx_word' id='word_1_190' title='bbox 981 2323 1017 2363; x_wconf 84' lang='lat' dir='ltr'><strong>sas</strong></span> 
     </span>
     <span class='ocr_line' id='line_1_30' title="bbox 162 2379 954 2451; baseline 0.005 -18"><span class='ocrx_word' id='word_1_191' title='bbox 162 2379 351 2450; x_wconf 85' lang='lat' dir='ltr'><strong>Pergamaque</strong></span> <span class='ocrx_word' id='word_1_192' title='bbox 371 2382 537 2451; x_wconf 87' lang='lat' dir='ltr'><strong>iliacamqne</strong></span> <span class='ocrx_word' id='word_1_193' title='bbox 555 2383 626 2451; x_wconf 85' lang='lat' dir='ltr'><strong>iugis</strong></span> <span class='ocrx_word' id='word_1_194' title='bbox 644 2383 713 2436; x_wconf 91' lang='lat' dir='ltr'><strong>hanc</strong></span> <span class='ocrx_word' id='word_1_195' title='bbox 731 2383 839 2437; x_wconf 90' lang='lat' dir='ltr'><strong>addidit</strong></span> <span class='ocrx_word' id='word_1_196' title='bbox 857 2399 954 2438; x_wconf 89' lang='lat' dir='ltr'><strong>arcem.</strong></span> 
     </span>
     <span class='ocr_line' id='line_1_31' title="bbox 162 2454 882 2529; baseline 0.008 -20"><span class='ocrx_word' id='word_1_197' title='bbox 162 2454 218 2509; x_wconf 82' lang='lat' dir='ltr'><strong>Sed</strong></span> <span class='ocrx_word' id='word_1_198' title='bbox 235 2457 287 2510; x_wconf 90' lang='lat' dir='ltr'><strong>tibi</strong></span> <span class='ocrx_word' id='word_1_199' title='bbox 306 2459 353 2526; x_wconf 91' lang='lat' dir='ltr'><strong>qui</strong></span> <span class='ocrx_word' id='word_1_200' title='bbox 372 2475 479 2512; x_wconf 87' lang='lat' dir='ltr'><strong>cursum</strong></span> <span class='ocrx_word' id='word_1_201' title='bbox 499 2461 581 2527; x_wconf 86' lang='lat' dir='ltr'><strong>venti,</strong></span> <span class='ocrx_word' id='word_1_202' title='bbox 600 2477 671 2529; x_wconf 91' lang='lat' dir='ltr'><strong>quae</strong></span> <span class='ocrx_word' id='word_1_203' title='bbox 688 2461 746 2514; x_wconf 86' lang='lat' dir='ltr'><strong>fata</strong></span> <span class='ocrx_word' id='word_1_204' title='bbox 764 2461 882 2515; x_wconf 76' lang='lat' dir='ltr'><strong>dederet</strong></span> 
     </span>
    </p>

    <p class='ocr_par' dir='ltr' id='par_1_10' title="bbox 158 2532 1016 2911">
     <span class='ocr_line' id='line_1_32' title="bbox 163 2532 929 2606; baseline 0.01 -23"><span class='ocrx_word' id='word_1_205' title='bbox 163 2532 223 2584; x_wconf 84' lang='lat' dir='ltr'><strong>Aut</strong></span> <span class='ocrx_word' id='word_1_206' title='bbox 240 2533 363 2600; x_wconf 90' lang='lat' dir='ltr'><strong>quisnam</strong></span> <span class='ocrx_word' id='word_1_207' title='bbox 381 2535 508 2603; x_wconf 86' lang='lat' dir='ltr'><strong>ignarum</strong></span> <span class='ocrx_word' id='word_1_208' title='bbox 526 2537 626 2590; x_wconf 88' lang='lat' dir='ltr'><strong>nostris</strong></span> <span class='ocrx_word' id='word_1_209' title='bbox 645 2535 714 2590; x_wconf 89' lang='lat' dir='ltr'><strong>deus</strong></span> <span class='ocrx_word' id='word_1_210' title='bbox 732 2537 839 2606; x_wconf 88' lang='lat' dir='ltr'><strong>adpulit</strong></span> <span class='ocrx_word' id='word_1_211' title='bbox 858 2537 929 2592; x_wconf 81' lang='lat' dir='ltr'><strong>orisl</strong></span> 
     </span>
     <span class='ocr_line' id='line_1_33' title="bbox 163 2605 937 2682; baseline 0.012 -24"><span class='ocrx_word' id='word_1_212' title='bbox 163 2605 236 2669; x_wconf 81' lang='lat' dir='ltr'><strong>Quid</strong></span> <span class='ocrx_word' id='word_1_213' title='bbox 254 2625 322 2675; x_wconf 90' lang='lat' dir='ltr'><strong>puer</strong></span> <span class='ocrx_word' id='word_1_214' title='bbox 341 2613 476 2664; x_wconf 87' lang='lat' dir='ltr'><strong>Ascanius</strong></span> <span class='ocrx_word' id='word_1_215' title='bbox 483 2615 492 2666; x_wconf 88' lang='lat' dir='ltr'><strong>&#39;l</strong></span> <span class='ocrx_word' id='word_1_216' title='bbox 514 2616 661 2682; x_wconf 84' lang='lat' dir='ltr'><strong>superatne</strong></span> <span class='ocrx_word' id='word_1_217' title='bbox 679 2617 709 2666; x_wconf 86' lang='lat' dir='ltr'><strong>et</strong></span> <span class='ocrx_word' id='word_1_218' title='bbox 726 2615 846 2667; x_wconf 87' lang='lat' dir='ltr'><strong>vescitur</strong></span> <span class='ocrx_word' id='word_1_219' title='bbox 863 2631 937 2682; x_wconf 88' lang='lat' dir='ltr'><strong>aura,</strong></span> 
     </span>
     <span class='ocr_line' id='line_1_34' title="bbox 158 2681 1016 2746; baseline 0.013 -13"><span class='ocrx_word' id='word_1_220' title='bbox 158 2681 252 2746; x_wconf 82' lang='lat' dir='ltr'><strong>¹Quem</strong></span> <span class='ocrx_word' id='word_1_221' title='bbox 270 2683 321 2737; x_wconf 91' lang='lat' dir='ltr'><strong>tibi</strong></span> <span class='ocrx_word' id='word_1_222' title='bbox 339 2686 392 2738; x_wconf 89' lang='lat' dir='ltr'><strong>iam</strong></span> <span class='ocrx_word' id='word_1_223' title='bbox 411 2687 526 2742; x_wconf 83' lang='lat' dir='ltr'><strong>Troia—</strong></span> <span class='ocrx_word' id='word_1_224' title='bbox 980 2704 1016 2744; x_wconf 76' lang='lat' dir='ltr'><strong>sao</strong></span> 
     </span>
     <span class='ocr_line' id='line_1_35' title="bbox 163 2757 903 2836; baseline 0.015 -26"><span class='ocrx_word' id='word_1_225' title='bbox 163 2757 258 2826; x_wconf 88' lang='lat' dir='ltr'><strong>Ilcqua</strong></span> <span class='ocrx_word' id='word_1_226' title='bbox 275 2764 367 2814; x_wconf 86' lang='lat' dir='ltr'><strong>tamen</strong></span> <span class='ocrx_word' id='word_1_227' title='bbox 385 2779 470 2830; x_wconf 92' lang='lat' dir='ltr'><strong>puero</strong></span> <span class='ocrx_word' id='word_1_228' title='bbox 488 2769 531 2818; x_wconf 90' lang='lat' dir='ltr'><strong>est</strong></span> <span class='ocrx_word' id='word_1_229' title='bbox 549 2767 664 2820; x_wconf 88' lang='lat' dir='ltr'><strong>amissae</strong></span> <span class='ocrx_word' id='word_1_230' title='bbox 682 2783 747 2820; x_wconf 87' lang='lat' dir='ltr'><strong>cura</strong></span> <span class='ocrx_word' id='word_1_231' title='bbox 765 2767 903 2836; x_wconf 69' lang='lat' dir='ltr'><strong>parentis?</strong></span> 
     </span>
     <span class='ocr_line' id='line_1_36' title="bbox 163 2831 903 2911; baseline 0.018 -27"><span class='ocrx_word' id='word_1_232' title='bbox 163 2831 270 2902; x_wconf 81' lang='lat' dir='ltr'><strong>Ecquid</strong></span> <span class='ocrx_word' id='word_1_233' title='bbox 288 2836 315 2888; x_wconf 92' lang='lat' dir='ltr'><strong>in</strong></span> <span class='ocrx_word' id='word_1_234' title='bbox 334 2838 474 2906; x_wconf 88' lang='lat' dir='ltr'><strong>antiquam</strong></span> <span class='ocrx_word' id='word_1_235' title='bbox 493 2841 623 2896; x_wconf 82' lang='lat' dir='ltr'><strong>virtutem</strong></span> <span class='ocrx_word' id='word_1_236' title='bbox 641 2844 799 2911; x_wconf 88' lang='lat' dir='ltr'><strong>animosque</strong></span> <span class='ocrx_word' id='word_1_237' title='bbox 817 2842 903 2896; x_wconf 88' lang='lat' dir='ltr'><strong>virilis</strong></span> 
     </span>
    </p>

    <p class='ocr_par' dir='ltr' id='par_1_11' title="bbox 162 2909 898 2978">
     <span class='ocr_line' id='line_1_37' title="bbox 162 2909 898 2978; baseline 0.015 -16"><span class='ocrx_word' id='word_1_238' title='bbox 162 2909 200 2962; x_wconf 83' lang='lat' dir='ltr'><strong>Et</strong></span> <span class='ocrx_word' id='word_1_239' title='bbox 217 2915 297 2978; x_wconf 86' lang='lat' dir='ltr'><strong>pater</strong></span> <span class='ocrx_word' id='word_1_240' title='bbox 315 2914 425 2967; x_wconf 87' lang='lat' dir='ltr'><strong>Aeneas</strong></span> <span class='ocrx_word' id='word_1_241' title='bbox 443 2919 472 2968; x_wconf 89' lang='lat' dir='ltr'><strong>et</strong></span> <span class='ocrx_word' id='word_1_242' title='bbox 489 2919 636 2972; x_wconf 77' lang='lat' dir='ltr'><strong>aumonius</strong></span> <span class='ocrx_word' id='word_1_243' title='bbox 654 2919 757 2972; x_wconf 90' lang='lat' dir='ltr'><strong>excitat</strong></span> <span class='ocrx_word' id='word_1_244' title='bbox 776 2919 898 2973; x_wconf 84' lang='lat' dir='ltr'><strong>Hector?</strong></span> 
     </span>
    </p>

    <p class='ocr_par' dir='ltr' id='par_1_12' title="bbox 162 2984 823 3063">
     <span class='ocr_line' id='line_1_38' title="bbox 162 2984 823 3063; baseline 0.017 -26"><span class='ocrx_word' id='word_1_245' title='bbox 162 2984 238 3038; x_wconf 74' lang='lat' dir='ltr'><strong>&#39;l&#39;alia</strong></span> <span class='ocrx_word' id='word_1_246' title='bbox 255 2987 389 3042; x_wconf 83' lang='lat' dir='ltr'><strong>fundebat</strong></span> <span class='ocrx_word' id='word_1_247' title='bbox 406 2989 549 3046; x_wconf 85' lang='lat' dir='ltr'><strong>lacrimans</strong></span> <span class='ocrx_word' id='word_1_248' title='bbox 567 2994 716 3063; x_wconf 77' lang='lat' dir='ltr'><strong>longosque</strong></span> <span class='ocrx_word' id='word_1_249' title='bbox 734 2993 823 3048; x_wconf 88' lang='lat' dir='ltr'><strong>ciebat</strong></span> 
     </span>
    </p>
   </div>
   <div class='ocr_carea' id='block_1_4' title="bbox 156 3061 1016 3218">
    <p class='ocr_par' dir='ltr' id='par_1_13' title="bbox 156 3061 1016 3218">
     <span class='ocr_line' id='line_1_39' title="bbox 156 3061 1016 3134; baseline 0.015 -22"><span class='ocrx_word' id='word_1_250' title='bbox 156 3061 303 3117; x_wconf 65' lang='lat' dir='ltr'><strong>,Incassum</strong></span> <span class='ocrx_word' id='word_1_251' title='bbox 321 3063 410 3134; x_wconf 79' lang='lat' dir='ltr'><strong>fietne,</strong></span> <span class='ocrx_word' id='word_1_252' title='bbox 428 3083 489 3120; x_wconf 90' lang='lat' dir='ltr'><strong>cum</strong></span> <span class='ocrx_word' id='word_1_253' title='bbox 508 3085 567 3123; x_wconf 90' lang='lat' dir='ltr'><strong>sese</strong></span> <span class='ocrx_word' id='word_1_254' title='bbox 585 3087 601 3122; x_wconf 87' lang='lat' dir='ltr'><strong>a</strong></span> <span class='ocrx_word' id='word_1_255' title='bbox 619 3069 760 3124; x_wconf 89' lang='lat' dir='ltr'><strong>moenibus</strong></span> <span class='ocrx_word' id='word_1_256' title='bbox 778 3069 859 3124; x_wconf 89' lang='lat' dir='ltr'><strong>heros</strong></span> <span class='ocrx_word' id='word_1_257' title='bbox 979 3084 1016 3126; x_wconf 74' lang='grc'><strong>343</strong></span> 
     </span>
     <span class='ocr_line' id='line_1_40' title="bbox 162 3137 895 3218; baseline 0.015 -27"><span class='ocrx_word' id='word_1_258' title='bbox 162 3137 315 3194; x_wconf 88' lang='lat' dir='ltr'><strong>Priamides</strong></span> <span class='ocrx_word' id='word_1_259' title='bbox 332 3141 425 3196; x_wconf 86' lang='lat' dir='ltr'><strong>multis</strong></span> <span class='ocrx_word' id='word_1_260' title='bbox 444 3143 566 3199; x_wconf 86' lang='lat' dir='ltr'><strong>Helenus</strong></span> <span class='ocrx_word' id='word_1_261' title='bbox 585 3147 778 3201; x_wconf 90' lang='lat' dir='ltr'><strong>comitantibus</strong></span> <span class='ocrx_word' id='word_1_262' title='bbox 795 3147 895 3218; x_wconf 85' lang='lat' dir='ltr'><strong>adfert,</strong></span> 
     </span>
    </p>
   </div>
   <div class='ocr_carea' id='block_1_5' title="bbox 162 3214 890 3329">
    <p class='ocr_par' dir='ltr' id='par_1_14' title="bbox 162 3214 890 3329">
     <span class='ocr_line' id='line_1_41' title="bbox 162 3214 890 3329; baseline 0.011 -61"><span class='ocrx_word' id='word_1_263' title='bbox 162 3214 372 3329; x_wconf 65' lang='lat' dir='ltr'><strong>Adgnpscitque</strong></span> <span class='ocrx_word' id='word_1_264' title='bbox 390 3235 460 3285; x_wconf 89' lang='lat' dir='ltr'><strong>suos,</strong></span> <span class='ocrx_word' id='word_1_265' title='bbox 478 3219 623 3291; x_wconf 80' lang='lat' dir='ltr'><strong>laetaeque</strong></span> <span class='ocrx_word' id='word_1_266' title='bbox 641 3223 677 3276; x_wconf 87' lang='lat' dir='ltr'><strong>ad</strong></span> <span class='ocrx_word' id='word_1_267' title='bbox 694 3223 788 3278; x_wconf 89' lang='lat' dir='ltr'><strong>limina</strong></span> <span class='ocrx_word' id='word_1_268' title='bbox 805 3223 890 3288; x_wconf 84' lang='lat' dir='ltr'><strong>ducit,</strong></span> 
     </span>
    </p>
   </div>
   <div class='ocr_carea' id='block_1_6' title="bbox 0 0 1142 3554">
    <p class='ocr_par' dir='ltr' id='par_1_15' title="bbox 0 0 1142 3554">
     <span class='ocr_line' id='line_1_42' title="bbox 0 0 1142 3554; baseline 0 0"><span class='ocrx_word' id='word_1_269' title='bbox 0 0 1142 3554; x_wconf 95' lang='lat' dir='ltr'><strong> </strong></span> 
     </span>
    </p>
   </div>
  </div>
 </body>
</html>
