2232 3556
370 154 553 202 AENEIDOS
570 153 640 200 ΜΒ.
659 153 724 200 XII.
930 157 975 201 325

124 235 298 302 Proveaiunt,
317 249 407 302 neque
424 237 460 299 te,
480 235 582 300 Aenea,
601 249 661 286 mea
679 233 795 290 dextera
813 239 923 299 servat3

124 313 213 366 Maior
230 311 288 378 agit
307 309 375 362 deus
393 313 477 377 atque
495 325 579 378 opera
597 308 633 362 ad
651 310 753 364 maiora
771 313 896 366 remittit.

125 389 177 444 Ille
194 387 291 440 avidus
309 403 415 454 pugnae
433 403 510 440 suras
528 385 675 439 incluserat
693 403 759 441 auro
942 405 978 444 sao

126 465 198 519 Hinc
216 468 300 529 atque
318 463 387 529 hinc,
406 463 521 530 oditque
539 479 635 529 nroras,
661 464 824 534 hastamque
846 470 979 521 coruscat.

126 542 276 608 Postquam
294 538 392 592 habilis
410 539 490 593 lateri
507 540 610 608 clipeus
628 540 766 610 loricaque
785 547 864 609 tergo
883 547 932 610 est,

128 619 275 672 Ascanium
293 617 359 670 susis
378 617 479 670 circum
497 617 675 685 conplectitur
694 619 784 686 arinis,

127 697 291 764 Summaque
308 712 358 763 per
375 695 481 762 galeam
499 694 623 748 delibans
642 695 732 748 oscula
750 694 840 749 fatur:

127 772 216 837 Disce,
234 789 309 840 puer,
328 771 459 825 virtutem
478 789 511 825 ex
530 788 574 824 me
593 787 742 839 verumque
762 770 890 835 laborem,
946 787 982 825 aas

128 849 278 902 Fortunam
296 866 330 901 ex
348 848 415 902 aliis.
454 849 532 901 Nunc
550 852 578 901 te
597 864 658 900 mea
679 847 795 901 dextera
813 848 884 901 bello

128 925 276 978 Defensum
295 924 381 992 dabit,
400 929 429 978 et
447 941 545 992 magna
562 925 634 977 inter
653 924 774 992 praemia
793 923 891 978 ducet:

127 1002 169 1054 Tu
185 1001 275 1069 facito,
293 1019 357 1055 mox
375 1019 436 1054 cum
454 1005 563 1054 matura
581 1001 731 1054 adoleverit
750 1004 834 1067 actas,

128 1078 171 1132 Sis
188 1095 299 1143 memor,
319 1082 348 1131 et
365 1082 394 1132 ta
412 1079 501 1132 animo
519 1081 691 1146 repetentem
711 1077 837 1145 exempla
853 1080 964 1129 tuorum

130 1155 165 1209 Et
182 1157 262 1223 pater
281 1157 391 1208 Aeneas
409 1158 438 1208 et
456 1154 604 1207 avunculus
623 1153 725 1208 excitet
745 1153 856 1206 Hector.
947 1167 984 1205 ssu

163 1231 240 1284 Haec
257 1230 304 1284 ubi
323 1231 398 1285 dieta
415 1231 501 1298 dedit,
518 1231 605 1300 portis
623 1247 683 1283 sese
703 1231 803 1283 extulit
822 1231 924 1297 ingens,

129 1307 224 1361 Telum
241 1306 349 1360 inmane
367 1323 449 1361 manu
468 1307 614 1376 quatiens;
633 1306 712 1359 simul
732 1307 841 1374 agmine
859 1306 944 1359 denso

132 1383 311 1451 Antheusque
330 1383 545 1452 Mnestheusque
564 1387 655 1449 ruunt,
675 1383 817 1450 omnisque
835 1383 938 1436 relictis

130 1459 221 1512 Turba
238 1459 298 1512 fluit
315 1461 419 1514 castris.
456 1460 524 1512 Tum
542 1475 622 1512 caeco
639 1459 751 1527 pulvere
769 1475 880 1527 campus

130 1535 270 1602 Miscetur,
288 1537 423 1604 pulsuque
441 1536 543 1605 pedum
561 1535 657 1589 tremit
675 1535 764 1588 excita
781 1535 871 1588 tellus.
949 1551 986 1588 aas

130 1611 210 1665 Vidit
227 1611 262 1666 ab
280 1613 395 1666 adverso
415 1613 548 1666 venientis
566 1628 667 1680 aggero
686 1611 798 1678 Turnus,

130 1688 234 1742 Videre
256 1689 377 1757 Ausonii,
395 1689 557 1758 gelidusque
576 1706 626 1758 per
643 1689 698 1742 ima
716 1689 837 1742 cucurrit

130 1765 200 1818 Ossa
217 1769 339 1830 trem0r;
357 1765 445 1833 prima
463 1770 527 1818 anto
544 1766 633 1818 omnis
653 1766 768 1818 Iuturna
787 1765 900 1818 Latinos

131 1842 231 1895 Audiit
249 1841 434 1908 adgnovitque
453 1857 556 1906 sonum,
575 1843 604 1892 et
621 1841 784 1892 tremefacta
801 1841 913 1908 refugit.

132 1916 184 1968 llle
196 1915 276 1979 volat,
291 1931 441 1981 campoque
455 1918 547 1966 atrum
560 1915 633 1980 rapit
646 1931 742 1981 agmen
757 1919 858 1982 aperto.
952 1931 988 1969 eso

133 1989 226 2053 Qualis
245 1989 292 2041 ubi
311 1990 347 2040 ad
366 1992 454 2041 terras
473 1989 590 2056 abrupto
611 1989 701 2042 sidere
720 1989 827 2042 nimbus

134 2066 162 2120 It
180 2081 256 2118 mare
274 2080 324 2131 per
342 2064 482 2128 medium;
501 2064 615 2130 miseris,
633 2064 695 2129 heu,
715 2067 836 2134 praescia
853 2067 933 2134 longa

133 2143 306 2197 Horrescunt
325 2139 409 2193 corda
429 2140 570 2208 agricolis;
591 2141 669 2194 dabit
690 2141 735 2194 ille
754 2141 845 2194 ruinas

133 2217 296 2285 Arboribus,
318 2221 495 2286 stragemque
514 2218 597 2282 satis;
618 2221 681 2270 ruet
700 2217 790 2270 omnia
811 2217 881 2282 late;

134 2297 209 2350 Ante
228 2294 326 2360 volant,
350 2294 525 2363 sonitumque
545 2294 637 2348 lerunt
657 2294 693 2347 ad
713 2294 794 2347 litora
813 2294 901 2348 uenti:
962 2306 995 2346 sss

134 2372 206 2425 Talis
225 2371 252 2424 in
272 2371 400 2424 adversos
422 2371 520 2425 ductor
543 2371 694 2424 Rhoeteius
715 2371 801 2424 hostis

135 2449 243 2515 Agmen
263 2448 336 2516 agit;
357 2447 434 2502 densi
456 2448 548 2502 cuncis
570 2465 599 2502 se
621 2447 736 2516 quisque
755 2447 855 2500 coactis

136 2524 341 2592 Adglomerant.
380 2525 458 2578 seru
471 2541 535 2578 cnse
547 2541 660 2592 gravem
676 2524 861 2593 Thymbraeus
874 2523 981 2589 Osirim,

137 2601 298 2654 Archetium
321 2601 490 2668 Mnestheus,
515 2602 666 2670 Epulonem
688 2602 833 2655 obtruncat
854 2601 981 2666 Achates,

136 2677 321 2744 Ufentemque
341 2678 431 2746 Gyas;
450 2678 525 2732 cadit
545 2679 604 2748 ipse
627 2679 783 2733 Tolumnius
804 2695 897 2746 augur,
956 2699 995 2738 450

137 2753 245 2808 Primus
265 2755 293 2807 in
314 2755 443 2808 adversos
464 2755 549 2808 telum
572 2757 619 2825 qui
639 2759 758 2810 torserat
779 2756 872 2808 hostis.

137 2830 251 2884 Tollitur
270 2832 299 2884 in
318 2832 423 2885 caelum
443 2832 549 2896 clamor,
572 2833 698 2902 versique
719 2833 836 2886 vicissim

138 2906 331 2962 Pulverulenta
351 2908 416 2976 suga
438 2907 534 2962 Rutuli
557 2909 624 2962 dant
646 2914 725 2978 terga
745 2927 795 2979 per
815 2923 902 2974 agros.

139 2983 203 3052 Ipse
221 3001 309 3052 nequo
331 3001 439 3038 aversos
460 2986 590 3054 dignatur
613 2989 737 3040 sternere
758 2984 847 3050 morti,

138 3060 196 3113 Neo
215 3061 285 3128 pede
304 3078 461 3129 congressos
481 3079 568 3130 aequo
588 3079 637 3116 nec
659 3063 715 3116 tela
734 3060 847 3115 ferentis
962 3068 998 3108 aa

139 3135 313 3205 Insequitur3
333 3138 419 3190 solum
441 3138 525 3191 densa
545 3138 574 3190 in
595 3139 710 3207 caligine
731 3140 851 3192 Turnum

29 3211 32 3218 '
140 3212 267 3282 Vestigat
287 3213 413 3280 lustrans
431 3215 517 3268 solum
536 3215 564 3268 in
584 3215 733 3270 certamina
751 3212 846 3284 poscit

1094 235 1096 270 l
