2234 3554
129 133 175 180 226
383 127 564 177 AllNElDOS
583 127 652 176 LlB.
677 129 741 177 Vll.

128 209 258 276 Sustinet,
280 210 418 262 Aetnaeus
436 207 573 262 efflantem
590 208 714 262 faucibus
731 208 810 276 ignis,

128 288 192 338 'r'zun
212 285 297 352 magis
315 285 361 337 illa
378 285 498 338 fremens
516 289 546 338 et
563 285 689 340 tristibus
708 285 792 338 effera
810 284 933 354 flaminia,

127 366 213 426 (lirum
232 362 317 429 magis
336 361 421 414 effuso
439 359 605 415 crudescunt
623 361 755 428 sanguine
773 377 887 430 pugnae

126 440 168 490 At
185 438 273 492 levem
291 438 408 505 clipeum
427 437 541 490 sublatis
560 438 686 491 cornibus
706 439 738 491 Ie

126 517 203 568 Aure
221 514 374 585 insignibat,
400 515 454 568 iam
474 515 557 568 saetis
576 514 672 582 obsita,
690 515 744 568 iam
763 515 819 581 bes,
942 529 978 572 ⁷9⁰

126 592 328 658 Argumentum
346 592 449 658 ingens,
467 595 496 644 et
513 595 605 644 eustos
624 591 737 659 virginis
757 593 857 660 Argus,

125 667 292 736 Caelataque
310 683 417 720 amnem
434 667 551 720 fundens
568 672 648 736 pater
666 668 783 722 Inachus
801 685 876 722 urna

125 742 284 813 Insequitur
300 743 409 796 nimbus
426 743 558 812 peditum,
577 744 748 813 clipeataque
766 745 833 798 tetis

124 820 243 887 Agmina
261 819 413 873 densentur
429 820 539 888 campis,
559 821 718 889 Argivaque
736 821 824 890 pubes

18 952 20 958 ,
124 897 324 963 Auruncaeque
342 912 446 963 manus,
465 895 562 950 Rutuli
579 901 742 965 veteresque
761 897 850 952 Sicani
940 910 976 951 aas

124 972 159 1024 Et
177 971 313 1026 Sacranae
330 972 403 1026 acies
420 975 450 1026 et
467 972 533 1040 picti
551 976 630 1026 scuta
647 972 755 1035 Labici;
835 1037 840 1044 ⁸

123 1049 174 1113 Qui
192 1049 285 1116 saltus,
305 1048 439 1116 Tiberine,
458 1052 528 1116 tuos,
547 1066 709 1118 sacrumque
727 1049 835 1104 Numici

122 1124 200 1178 Litus
217 1129 304 1192 arant,
324 1125 495 1193 Rutulosque
514 1127 642 1178 exercent
660 1141 769 1179 vomere
788 1125 869 1190 collis,

121 1202 317 1271 Circaeumque
335 1202 437 1270 iugum,
456 1201 518 1270 quis
537 1202 664 1270 luppiter
682 1203 813 1256 Anxurus
831 1202 904 1257 arvis

122 1277 271 1346 l'raesidet,
290 1281 319 1332 et
336 1278 417 1331 viridi
435 1277 558 1346 gaudens
578 1277 694 1331 Feronia
711 1277 787 1344 lueo;
937 1293 974 1332 aaa

121 1354 181 1418 Qua
199 1355 315 1408 Saturae
332 1355 404 1408 iacet
422 1358 484 1407 atra
501 1353 587 1422 palus,
605 1353 768 1423 gelidusque
786 1371 836 1424 per
853 1354 922 1408 imas

121 1430 233 1494 Quaerit
250 1430 305 1484 iter
323 1430 399 1482 vallis
417 1433 501 1498 atque
519 1430 547 1482 in
564 1446 640 1482 mare
658 1429 786 1483 conditur
803 1430 897 1484 Ufens

155 1506 214 1559 llos
233 1523 315 1574 super
333 1505 445 1559 advenit
465 1505 564 1559 Volsca
582 1506 617 1559 de
635 1509 718 1573 gente
738 1505 858 1574 Camilla,

123 1582 229 1650 Agmen
248 1598 331 1650 agens
350 1582 474 1649 equitum
492 1581 662 1636 et'tlorentis
679 1599 743 1636 aere
760 1587 889 1646 catervas,

121 1657 262 1724 Bellrrtrix,
280 1674 333 1710 non
352 1657 400 1710 illa
417 1657 476 1710 celo
494 1657 643 1712 calathisve
662 1658 803 1713 Mineruae
935 1673 971 1712 sea

121 1733 263 1788 llemiueas
280 1733 395 1787 adsueta
413 1750 515 1801 manus,
534 1733 584 1788 sed
600 1735 704 1804 proelia
722 1735 797 1802 virge

121 1810 195 1864 Dura
212 1809 270 1880 pati
288 1826 424 1877 cursuque
442 1809 545 1878 pedum
562 1816 738 1878 praevertere
755 1815 858 1866 ventes.

121 1886 172 1940 llla
190 1886 233 1940 vel
251 1886 371 1940 intactae
390 1888 491 1954 segetis
509 1903 558 1953 per
576 1902 681 1940 summa
698 1887 802 1941 velaret

120 1962 256 2029 Gramina,
275 1979 325 2016 nee
342 1967 451 2016 teneras
468 1979 550 2016 eursu
567 1961 692 2017 laesisset
708 1964 820 2028 aristas;

120 2039 172 2093 Vel
190 2055 266 2092 mare
282 2055 333 2108 per
350 2039 470 2094 medium
488 2039 573 2092 fluctu
590 2056 720 2108 suspensa
737 2035 856 2096 tumenti
934 2059 971 2098 ere

120 2114 218 2169 llerret
236 2116 297 2182 iter,
316 2115 413 2168 celeris
430 2131 481 2169 nee
499 2115 638 2182 tingueret
656 2132 775 2184 aequore
793 2117 906 2186 plantus.

122 2192 200 2245 lllam
218 2192 305 2244 omnis
322 2192 405 2245 tectis
423 2192 550 2260 agrisque
568 2190 653 2244 effusa
670 2192 797 2246 iuventus

120 2269 265 2337 Turbaque
282 2268 399 2320 miratur
416 2271 534 2320 matrum
553 2269 582 2322 et
599 2271 757 2336 prospectat
774 2274 891 2330 euntem.

122 2345 258 2398 Attonitis
275 2343 382 2396 inhians
400 2343 503 2408 animis,
520 2347 553 2398 ut
570 2344 662 2411 regius
680 2349 754 2398 estre

121 2420 204 2474 Velet
221 2419 306 2472 honos
323 2419 390 2472 levis
408 2419 543 2487 humeros,
560 2423 593 2474 ut
611 2419 694 2474 fibula
711 2421 813 2476 crinem
932 2441 971 2480 era

123 2499 200 2550 Auro
217 2496 390 2560 internectat,
409 2494 517 2562 Lyciam
535 2499 567 2548 ut
584 2501 663 2562 gerat
681 2497 740 2565 ipsa
756 2497 914 2564 pharetram

121 2571 158 2626 Et
175 2570 339 2642 pastoralem
356 2571 479 2641 praefixa
495 2571 607 2642 cuspide
625 2576 751 2643 myrtum.
