2234 3554
108 129 153 174 186
340 126 369 175 P.
388 125 543 174 VERGILI
560 123 729 175 MARONIS

106 205 270 274 Contingat3
290 205 389 260 doceas
406 205 461 259 iter
478 209 507 260 et
525 221 602 260 sacra
619 208 691 262 ostia
708 207 823 277 pandas.

106 283 188 336 Illum
208 299 259 350 ego
277 299 327 351 pcr
344 282 467 336 flammas
484 286 514 336 et
531 282 606 336 mille
624 284 769 352 sequentia
786 284 845 341 tela
927 303 965 341 uo

106 359 200 428 Eripui
218 359 261 413 his
279 359 406 426 humeris,
425 359 571 427 medioque
589 375 623 412 ex
641 359 720 414 hoste
739 361 847 430 recepi;

107 437 158 490 llle
177 453 268 489 meum
286 436 432 489 comitatus
450 436 507 489 iter
523 437 609 488 ureria
627 437 718 489 omnia
735 454 841 492 mecum

107 516 202 581 Atque
220 513 309 565 omnis
328 512 474 581 pelagique
492 512 580 564 minas
599 512 721 581 caelique
739 513 855 583 ferebat,

108 589 255 656 Invalidus,
274 589 340 642 viris
358 588 433 641 ultra
451 592 553 642 sortem
574 605 608 642 ue
627 593 761 644 senectae.

107 666 186 734 Quin,
199 669 231 718 ut
243 669 272 718 te
285 665 400 734 supplex
413 669 536 733 peterem
550 605 578 718 ez
590 669 639 718 tua
651 665 744 719 limina
756 666 871 736 adirem,
926 681 963 720 us

108 742 187 796 Idem
205 757 286 794 orans
305 741 435 794 mandata
454 741 548 796 dabat.
587 741 724 811 Gnatique
741 743 891 813 patrieque,

107 818 196 886 Alma,
213 833 317 887 precor,
336 817 467 871 miserere
477 822 595 887 ;-potes
612 835 731 887 namque
748 820 845 886 omnin,
864 835 915 874 uec
933 822 962 873 to

107 895 282 963 Nequiquam
301 893 368 946 lucis
390 895 495 948 Hecate
515 895 648 962 praefecit
667 896 836 961 Avernis;—

108 970 136 1024 Si
154 971 245 1040 potuit
264 971 354 1023 Manis
373 987 510 1025 arcessere
529 971 651 1039 coniugis
671 971 804 1040 Orpheus,

108 1047 231 1101 Threicia
248 1047 336 1101 fretus
355 1047 461 1102 cithara
480 1047 636 1116 fidibusque
654 1048 766 1114 canoris,
926 1063 962 1102 iao

108 1123 137 1177 si
155 1123 270 1178 fratrem
290 1124 386 1177 Pollux
404 1124 510 1178 alterna
527 1129 616 1178 morte
634 1124 760 1191 redemit,

109 1200 193 1268 Itque
209 1201 340 1269 reditque
356 1201 428 1254 viam
446 1202 555 1254 totiens
591 1200 663 1265 Quid
681 1200 793 1268 Thesea,
811 1217 939 1268 magnum

109 1276 182 1341 Quid
196 1293 345 1330 memorem
361 1277 499 1331 Alciden?
516 1281 546 1330 et
560 1277 598 1330 mi
613 1293 698 1344 genus
713 1275 748 1330 ab
765 1276 831 1330 love
846 1292 962 1332 mmo.

143 1353 254 1406 Talibus
271 1352 368 1406 orabat
387 1352 475 1421 dictis,
494 1369 610 1420 arasque
629 1353 748 1419 tenebat,

110 1428 178 1483 Oum
196 1429 235 1482 sio
252 1445 314 1481 orsa
331 1428 406 1496 loqui
424 1432 514 1482 vates:
536 1429 601 1482 Sate
619 1428 751 1496 sangiune
768 1428 870 1497 divom,
924 1443 962 1484 12⁵

109 1503 176 1557 'l'ros
197 1504 373 1571 Anchisiade,
392 1505 480 1558 facilis
497 1505 645 1558 descensus
664 1507 792 1569 Avern03

110 1581 210 1634 Noctes
228 1585 314 1650 atque
331 1580 390 1634 dies
407 1585 485 1650 patet
503 1582 557 1634 atri
574 1581 655 1634 ianua
673 1581 761 1645 Ditis3

110 1657 164 1711 Sed
182 1673 309 1710 revocare
327 1657 443 1724 muudum
463 1673 630 1726 superasque
649 1656 766 1710 evadere
784 1656 821 1710 ad
838 1673 927 1721 auras,

111 1733 171 1787 Hoc
188 1749 262 1801 opus
282 1733 329 1787 hio
345 1733 423 1786 labor
440 1737 490 1787 est.
527 1734 615 1798 Pauci,
634 1749 703 1802 quos
720 1749 825 1801 aequus
842 1733 945 1788 amavit

111 1811 242 1879 luppiter,
261 1816 309 1864 aut
328 1810 428 1863 ardens
446 1811 537 1863 erexit
555 1809 591 1862 ad
609 1809 721 1864 aethera
738 1808 835 1877 virtus,
925 1823 963 1867 ise

111 1887 160 1940 Dis
177 1887 264 1954 geniti
281 1891 404 1955 potuere.
441 1887 547 1940 Tenent
564 1886 656 1939 media
674 1885 765 1938 omnia
782 1885 874 1953 silvae,

110 1962 279 2032 Cocytosque
298 1964 358 2016 sinu
376 1962 470 2017 labens
489 1962 666 2016 circumvenit
684 1965 752 2014 atro.

110 2039 189 2102 Quod
207 2039 230 2092 si
248 2043 344 2093 tantus
361 2055 438 2092 amor
455 2037 549 2104 menti,
568 2037 591 2090 si
609 2040 688 2090 tanta
705 2035 805 2105 cupido
822 2043 873 2103 est,

110 2115 158 2168 Bis
177 2115 286 2184 Stygios
303 2115 398 2169 innare
416 2115 497 2180 lacus,
515 2113 558 2168 bis
576 2115 655 2182 nigra
673 2113 767 2166 videre

109 2190 229 2260 Tartara,
247 2195 277 2246 et
295 2191 391 2245 insano
408 2192 484 2244 iuvat
501 2189 646 2258 indulgere
662 2189 758 2254 labori,
925 2204 963 2244 ase

110 2268 220 2335 Accipe,
239 2285 310 2336 quae
328 2267 485 2336 peragenda
502 2266 585 2335 prius.
622 2265 705 2320 Latet
722 2265 820 2320 arbore
839 2281 922 2332 opaea

110 2346 221 2396 Aureus
238 2348 267 2396 et
285 2343 355 2396 loliis
374 2347 403 2395 et
421 2342 495 2396 lento
513 2341 612 2395 vimine
630 2357 729 2407 ramus,

111 2419 208 2472 Iunoni
227 2419 348 2472 infernae
368 2419 458 2471 dictus
478 2434 569 2482 sacer;
587 2417 660 2492 hunc
676 2415 749 2483 tegit
766 2417 855 2470 omnis

111 2496 199 2549 Lucus
217 2500 246 2548 et
264 2495 386 2548 obscuris
404 2493 535 2548 claudunt
553 2491 719 2548 convallibus
736 2491 857 2546 umbrae.

110 2571 165 2626 Sed
183 2589 236 2624 non
254 2575 318 2624 ante
337 2571 420 2624 datur
438 2570 546 2623 telluris
563 2573 659 2638 operta
677 2567 777 2635 subire,
928 2583 965 2622 ιω

112 2648 273 2701 Auricornos
290 2663 372 2716 quarn
392 2647 438 2714 qui
458 2645 626 2714 decerpserit
644 2643 742 2697 arbore
761 2644 841 2698 letus.

111 2724 171 2776 Hoc
189 2723 242 2776 sibi
259 2723 373 2792 pulchra
393 2739 471 2775 suurn
489 2722 555 2775 ferri
576 2720 739 2788 Proserpina
756 2735 856 2774 munus

111 2800 245 2854 Instituit.
282 2800 374 2853 Primo
392 2799 483 2852 evolso
501 2815 555 2850 nen
574 2797 668 2850 deficit
686 2796 758 2850 alter

110 2879 227 2942 Aureus,
245 2879 274 2930 et
293 2875 373 2929 simili
391 2874 542 2927 frondescit
560 2873 638 2939 virga
655 2871 775 2926 metallo.

110 2953 182 3020 Ergo
200 2953 256 3006 alte
274 2952 380 3019 vestiga
397 2950 489 3016 oculis,
508 2953 537 3002 et
555 2948 609 3002 rite
626 2951 767 3016 repertum
928 2965 966 3005 ιω

110 3029 198 3097 Carpe
216 3045 313 3092 manu;
331 3043 449 3095 namque
467 3026 525 3092 ipse
542 3024 635 3076 rolens
653 3024 793 3092 facilisque
812 3030 953 3094 sequetur,

110 3104 138 3158 Si
156 3109 185 3158 te
202 3104 261 3158 fata
278 3106 390 3166 vooaut;
408 3102 491 3154 aliter
507 3116 561 3153 non
578 3099 680 3154 viribus
698 3099 760 3151 ullis

112 3179 236 3245 Vincere,
255 3196 305 3233 nec
323 3178 393 3232 duro
411 3177 517 3246 poteris
532 3175 685 3230 convellere
703 3174 787 3230 ferro.
