2242 3550
415 114 601 174 BUGOLIOA.
634 121 709 172 EOL.
735 122 784 170 lV.

114 266 118 272 .
189 203 287 274 Ubera,
306 209 356 254 neo
374 215 487 267 magnos
499 205 630 255 metuent
649 204 775 254 armenta
792 200 890 255 leones.

186 279 251 348 lpse
269 276 320 331 tihi
338 276 453 329 blandos
471 275 587 331 fundent
605 277 738 331 cunabula
757 276 842 330 liores.

186 354 300 408 Occidet
318 356 348 407 et
365 370 484 421 serpens,
503 357 531 406 et
550 355 632 407 fallax
651 353 736 408 herba
755 354 851 407 veneni

185 431 315 496 Occidet;
339 430 482 497 Assyrium
500 431 579 498 volgo
597 434 725 484 nascetur
743 447 886 484 amomum.
1016 447 1041 486 rc

185 511 227 562 At
245 507 325 561 simul
343 506 456 560 heroum
475 507 569 561 laudes
589 513 617 562 et
635 509 707 561 facta
724 508 847 576 parentis

187 585 247 638 Iam
265 584 356 651 legere
375 586 403 636 et
423 599 493 651 quae
511 583 546 636 sit
564 585 668 652 poteris
687 601 848 652 cognoscere
866 584 961 652 virtus,

186 661 262 716 Molli
281 661 412 728 paulatim
431 661 558 713 flavescet
578 671 688 730 campus
709 661 800 724 arista,

187 737 356 805 incultisque
374 736 474 790 rubens
491 737 624 804 pendebit
643 737 765 790 sentibus
783 753 842 804 uva,

185 814 222 866 ut
239 813 325 867 durae
343 831 459 882 quercus
478 813 616 867 sudabunt
634 813 741 866 roseida
759 813 846 866 mella.
1014 828 1039 866 uo

186 891 276 945 Pauca
293 895 386 944 tamen
405 890 538 943 suberunt
555 891 661 958 priscae
680 889 794 956 vestigia
811 889 922 957 fraudis,

186 965 261 1028 Quae
280 969 417 1036 temptare
436 967 544 1039 Thetim
563 967 676 1034 ratibus,
696 983 766 1036 quae
785 966 894 1032 cingere
912 966 996 1020 muris

184 1043 300 1111 Oppida,
320 1060 390 1114 quae
408 1043 520 1096 iubeant
538 1043 631 1096 telluri
649 1043 783 1095 infindere
801 1042 894 1094 sulcos.

186 1119 266 1172 Alter
285 1120 338 1172 erit
355 1124 415 1172 tum
434 1120 541 1188 Tiphys,
561 1119 695 1172 etaltera
714 1135 784 1186 quae
803 1118 884 1170 vehat
903 1119 980 1185 Argo

184 1195 312 1249 Delectos
330 1197 441 1262 heroas;
461 1200 542 1250 erunt
561 1197 644 1249 etiam
663 1196 750 1248 altera
768 1194 847 1261 bella,
1014 1210 1038 1248 ss

185 1272 281 1338 Atque
299 1273 400 1326 iterum
418 1273 454 1326 ad
474 1273 582 1325 Troiam
600 1289 715 1339 maguus
734 1272 861 1324 mittetur
880 1270 1008 1326 Achilles.

185 1347 264 1413 Hine,
283 1348 330 1401 ubi
348 1349 402 1402 iam
421 1349 529 1402 firmata
546 1350 634 1402 virum
652 1353 681 1402 te
699 1349 797 1402 iecerit
815 1351 897 1414 aetas,

184 1423 272 1478 Cedet
291 1429 320 1478 et
338 1426 397 1494 ipse
414 1426 483 1478 mari
502 1429 602 1492 vector,
620 1443 670 1478 nec
688 1427 797 1478 nautica
815 1425 894 1492 pinus

182 1499 305 1554 Mutabit
323 1519 440 1556 merces:
460 1502 547 1554 omnis
565 1502 636 1555 feret
654 1502 744 1554 omnia
761 1501 849 1554 tellus.

182 1578 208 1632 N
211 1593 246 1631 on
264 1581 367 1631 rastros
384 1579 507 1647 patietur
524 1578 629 1646 humus,
647 1594 701 1630 non
720 1578 798 1630 vinea
816 1577 927 1642 falcem,
1018 1593 1040 1630 a·

183 1653 323 1706 Robustus
342 1670 450 1722 quoque
468 1654 522 1707 iam
540 1655 627 1707 tauris
645 1654 709 1721 iuga
727 1654 814 1706 solvet
831 1657 937 1718 arator,

182 1730 240 1784 Nec
259 1730 348 1783 varios
367 1730 455 1784 discet
473 1731 584 1783 mentiri
602 1730 665 1783 lana
683 1731 794 1798 colores,

183 1806 247 1874 Ipse
266 1805 362 1860 sedin
379 1807 467 1874 pratis
485 1807 556 1860 aries
574 1807 628 1859 iam
648 1823 730 1860 suave
748 1805 857 1859 rubenti

183 1882 295 1951 Murice,
314 1883 368 1936 iam
387 1900 481 1936 croceo
500 1883 619 1936 mutabit
637 1883 738 1936 vellera
756 1882 829 1947 luto;

157 1963 159 1967 ’
183 1957 286 2026 Sponte
304 1976 352 2012 sua
371 1959 475 2026 sandyx
494 1959 630 2027 pascentis
649 1959 748 2012 vestiet
766 1975 856 2026 agnos.
1011 1971 1036 2011 st

182 2034 257 2087 Talia
276 2036 372 2101 saecla,
392 2035 447 2088 suis
466 2034 603 2103 dixerunt,
623 2035 732 2101 currite,
751 2035 817 2087 fusis

184 2111 338 2164 Concordes
357 2111 448 2164 stabili
466 2112 585 2164 fatorum
603 2112 714 2163 numine
735 2112 842 2164 Parcae.

183 2187 346 2254 Adgredere
365 2204 380 2240 o
398 2188 638 2256 magnos—aderit
657 2187 710 2240 iam
729 2187 994 2256 tempus—honores,

183 2263 253 2317 Oara
272 2264 353 2317 deum
372 2265 487 2332 suboles,
506 2281 634 2332 magnum
655 2264 727 2315 lovis
745 2263 957 2317 incrementum!

183 2340 284 2408 Aspice
303 2357 422 2394 convexo
441 2345 584 2416 nutantem
603 2339 724 2408 pondere
742 2339 882 2405 mundum,
1010 2355 1034 2393 so

182 2417 336 2486 Terrasque
355 2421 516 2485 tractusque
535 2418 618 2470 maris
637 2417 797 2485 caelumque
814 2415 986 2484 profundum,

183 2495 290 2561 Aspice,
308 2497 424 2548 venturo
442 2494 580 2547 laetantur
598 2497 629 2546 ut
648 2493 737 2545 omnia
755 2493 859 2546 saeclo!

183 2569 206 2621 0
227 2571 293 2622 mihi
312 2575 368 2623 tam
388 2571 483 2637 longae
502 2573 611 2623 maneat
629 2587 692 2638 pars
711 2570 808 2623 ultima
826 2570 907 2636 vitae,

182 2645 299 2714 Spiritus
318 2651 354 2714 et,
373 2652 505 2716 quantum
525 2652 568 2700 sat
587 2649 640 2700 erit
658 2650 707 2699 tua
726 2646 817 2700 dicere
835 2647 917 2700 facta:

181 2721 244 2775 Nou
263 2739 307 2776 me
325 2723 488 2776 carminibus
507 2724 596 2776 vincet
614 2740 664 2776 nec
683 2723 813 2776 Thracius
832 2722 964 2790 Orpheus,
1010 2736 1033 2774 55

182 2797 207 2852 N
209 2815 239 2852 ec
253 2799 345 2867 Linus,
357 2799 420 2852 huie
432 2804 520 2852 mater
533 2799 656 2867 quamvis
669 2803 753 2868 atque
765 2799 827 2852 huic
842 2801 922 2866 pater
939 2795 1019 2862 adsit,

182 2873 285 2942 Orphei
305 2875 449 2945 Calliopea,
470 2876 537 2928 Lino
555 2877 689 2928 formosus
708 2875 813 2944 Apollo

181 2949 239 3004 Pau
257 2952 349 3017 etiam,
369 2953 489 3005 Arcadia
507 2969 612 3006 mecum
631 2952 653 3004 si
671 2951 760 3004 iudice
779 2953 874 3017 certet,

182 3026 239 3081 Pan
258 3029 341 3082 etiam
364 3029 483 3082 Arcadia
501 3028 574 3081 dicat
593 3045 622 3080 se
641 3027 730 3079 iudice
748 3027 856 3079 vietum.

183 3103 284 3172 Incipe,
304 3121 387 3173 parvo
405 3121 480 3173 puer,
499 3105 555 3157 risu
573 3119 736 3171 cognoscere
754 3105 885 3156 matrem:
1006 3116 1031 3158 so

183 3179 267 3232 Matri
285 3180 366 3249 longa
384 3181 477 3233 dacem
497 3181 619 3234 tulerunt
636 3178 748 3234 fastidia
767 3193 890 3240 menses3
