2232 3556
123 135 168 181 308
353 133 383 180 Ρ,
406 130 558 179 VERGILI
579 130 748 180 MARONIS

121 211 231 264 Mecum
248 212 331 264 crode
348 212 412 277 solo,
430 227 593 279 pugnaeque
610 211 721 278 accinge
738 211 878 278 pedestri:

122 286 181 338 Iam
200 303 301 351 nosces,
321 291 433 340 ventosa
451 287 521 340 ferat
540 287 583 339 cui
600 287 687 355 gloria
705 287 819 340 laudem.

122 360 213 425 llixit;
230 365 260 415 at
278 363 325 414 illa
342 363 435 416 furens
453 364 563 431 acrique
581 380 694 416 accensa
711 363 804 416 dolore

121 437 217 492 Tradit
229 455 330 508 equum
342 441 440 504 comiti,
453 440 619 508 paribusque
637 439 742 492 resistit
754 440 781 491 in
794 439 883 505 armis,
939 454 977 498 no

121 513 194 568 Ense
212 515 297 583 pedes
314 515 395 581 nudo,
413 533 536 584 puraque
553 517 680 570 interrita
697 532 797 583 parma

122 591 162 644 At
180 591 292 658 iuvenis,
311 593 407 645 vicisse
425 593 488 644 dolo
506 597 590 656 ratus,
609 593 699 646 avolat
716 593 781 660 ipse,

121 666 206 720 Haud
224 685 307 732 mora,
326 670 519 737 conversisque
538 669 621 736 fugax
639 669 763 722 aufertur
780 667 902 734 habenis,

121 741 387 812 Quadrupedemque
405 746 490 798 citum
508 745 611 798 ferrata
628 745 701 799 calce
719 745 824 812 fatigat.

121 818 199 872 Vane
218 820 309 887 Ligus,
329 821 484 890 frustraque
502 822 599 874 animis
617 821 688 874 elate
707 820 839 889 superbis,
936 833 973 873 770

120 895 295 964 Nequiquam
313 899 416 964 patrias
434 898 578 966 temptasti
597 897 717 950 lubricus
735 897 810 963 artis,

120 971 146 1024 N
149 987 179 1025 ec
197 972 272 1026 fraus
290 979 319 1026 te
337 974 500 1026 incolumem
518 973 607 1026 fallaci
625 973 747 1042 perferet
766 973 856 1026 Auno.

121 1047 198 1103 Haec
215 1049 290 1102 fatur
307 1050 391 1118 virgo,
407 1055 436 1104 et
453 1051 610 1118 pernicibus
628 1050 708 1117 ignea
725 1049 825 1117 plantis

121 1124 229 1178 Transit
247 1143 348 1194 equum
366 1143 454 1191 cursu,
472 1127 611 1194 frenisque
629 1125 744 1179 adversa
761 1123 903 1193 prehensis

121 1199 304 1268 Congreditur
316 1219 471 1270 poenasque
483 1203 591 1255 inimico
604 1219 637 1256 ex
651 1201 780 1270 sanguine
793 1200 887 1254 sumit:
934 1215 972 1254 rao

121 1275 209 1341 Quam
227 1277 304 1330 facile
322 1279 451 1347 accipiter
470 1296 535 1332 saxo
553 1295 629 1332 sacer
647 1279 704 1332 ales
720 1277 756 1330 ab
773 1277 829 1330 alto

121 1352 305 1422 Consequitur
322 1356 419 1422 pennis
437 1355 580 1408 sublimem
598 1356 626 1407 in
644 1355 717 1408 nube
734 1353 894 1418 columbam,

121 1429 362 1499 Conprensamqne
380 1435 463 1496 tenet,
483 1431 654 1499 pedibusque
672 1431 805 1491 eviscerat
823 1429 915 1493 uncis;

121 1505 189 1558 Tum
208 1522 288 1558 cruor
305 1511 335 1559 et
353 1507 443 1560 volsae
462 1507 593 1560 labuntur
610 1506 645 1560 ab
663 1506 775 1560 aethere
792 1505 907 1574 plumae

156 1583 196 1634 At
208 1597 261 1633 non
274 1582 340 1634 haec
352 1583 432 1635 nullis
444 1583 583 1637 hominnm
595 1588 670 1637 sator
681 1589 765 1652 atque
777 1583 891 1636 deorum
935 1595 971 1636 770

121 1656 276 1710 017007νο770
295 1658 379 1711 oculis
398 1675 503 1711 summo
522 1659 602 1712 sedet
620 1658 692 1712 altus
711 1659 832 1727 Olympo.

121 1733 290 1801 Tyrrhenum
308 1735 417 1801 genitor
435 1734 603 1789 Tarchonem
621 1736 649 1788 in
667 1736 770 1803 proclia
788 1751 867 1789 saeva

121 1809 248 1875 Suscitat,
267 1815 296 1863 et
314 1811 432 1865 stimulis
449 1811 522 1865 haud
541 1811 667 1865 mollibus
685 1812 771 1864 iniicit
789 1812 850 1864 iras

121 1884 193 1953 Ergo
211 1886 283 1939 inter
302 1887 400 1941 caedes
418 1888 600 1956 cedentiaque
618 1888 728 1956 agmina
746 1887 867 1940 Tarchon

122 1960 224 2016 Fertur
242 1980 321 2031 equo,
340 1966 475 2032 uariisque
493 1965 605 2031 instigat
624 1963 733 2017 vocibus
751 1963 814 2029 alas,
935 1976 972 2016 700

121 2038 238 2092 Nomine
257 2057 394 2109 quemque
412 2057 516 2106 vocans,
536 2040 680 2108 reficitque
698 2039 726 2092 in
744 2039 848 2108 proelia
866 2037 965 2105 pulsos.

27 2141 30 2148 ·
122 2114 188 2178 Quis
206 2119 304 2182 metue,
322 2134 338 2168 o
356 2133 504 2184 numquam
523 2116 644 2180 dolituri,
662 2133 678 2168 o
697 2132 805 2184 semper
822 2115 926 2167 inertes

13 2199 20 2208 '
122 2190 260 2259 Tyrrheni,
280 2208 350 2260 quac
368 2196 446 2246 tanta
464 2192 562 2244 animis
579 2192 686 2259 ignavia
704 2193 798 2245 venitl

122 2265 235 2321 Femina
252 2269 370 2336 palantis
388 2270 453 2336 agit,
472 2272 557 2335 atque
575 2267 642 2322 17000
660 2267 769 2334 agmina
786 2267 890 2320 vertiti

122 2343 182 2408 Quo
199 2345 310 2410 ferrum,
329 2344 430 2412 quidve
449 2344 515 2397 17000
533 2344 654 2411 gerimus
672 2343 729 2396 tela
747 2343 829 2395 inrita
847 2340 968 2396 dextris]

122 2422 163 2474 At
181 2436 234 2472 non
252 2420 280 2472 in
300 2419 437 2473 Venerem
456 2437 554 2487 segnes
572 2424 759 2487 nocturnaque
776 2417 855 2474 bella.
936 2430 970 2472 737

122 2497 189 2560 Aut,
208 2495 255 2548 ubi
273 2512 355 2550 curva
372 2495 468 2549 choros
486 2496 586 2548 indixit
605 2495 673 2549 tibia
692 2494 799 2560 Bacchi,

122 2571 289 2640 Exspectare
307 2571 391 2640 dapes
410 2577 438 2625 et
456 2571 552 2640 plenae
569 2572 666 2640 pocula
683 2587 834 2636 mensae,—

123 2647 177 2702 Hic
188 2665 271 2714 077707,
284 2648 334 2701 hoo
352 2648 575 2702 studium—dum
593 2664 669 2700 sacra
685 2645 820 2700 sccundus
836 2644 972 2711 haruspex

122 2723 246 2788 Nuntiet,
265 2742 296 2777 ac
314 2725 388 2777 lncos
406 2727 484 2776 uocet
501 2723 591 2776 hostia
608 2723 716 2791 pinguis
734 2723 761 2775 in
779 2721 855 2774 altos.
937 2733 973 2773 770

123 2799 199 2852 11000
218 2801 315 2854 effatus
333 2817 433 2867 equunr
451 2800 479 2851 in
498 2800 609 2865 medios,
628 2801 777 2852 moriturus
795 2802 824 2850 et
842 2797 908 2864 ipsc,

122 2874 253 2942 Concitet,
273 2882 302 2929 ct
318 2870 428 2929 'Venulo
453 2876 596 2928 adversum
616 2891 645 2928 se
664 2874 793 2928 turbidus
811 2873 903 2938 insert,

122 2947 327 3019 Dereptumque
345 2951 380 3004 ab
398 2967 468 3018 equo
487 2950 585 3003 dextra
603 2951 783 3018 conplectitur
801 2949 908 3002 hostem

122 3024 159 3077 Et
175 3028 309 3092 gremium
327 3031 391 3079 anto
410 3042 488 3078 suum
507 3025 593 3078 multa
611 3025 636 3077 vi
655 3026 777 3078 concitus
794 3025 891 3079 aufert.

122 3099 238 3154 Tollitur
255 3102 282 3154 irr
300 3102 404 3155 caelrrm
423 3101 530 3167 clamor,
549 3101 693 3168 cunctique
712 3101 804 3155 Latini
936 3113 974 3154 rso

123 3173 288 3230 Convertere
307 3177 405 3230 oculos.
441 3176 524 3230 Volat
542 3176 637 3244 igneus
655 3193 774 3247 aequore
793 3176 923 3242 Tarchon,
