2242 3550
131 175 162 222 54
364 173 394 222 P.
414 173 568 221 VERGILI
586 174 753 222 MARONIS

131 254 168 306 Et
186 253 264 306 labor
282 256 311 306 et
329 251 415 306 durae
434 253 506 322 rapit
525 254 701 308 inelementia
718 255 823 307 mortis.

131 331 245 397 Semper
262 333 351 393 erunt,
371 346 487 397 quarum
506 330 607 382 mutari
626 348 743 400 corpora
762 330 853 385 malis:

131 407 244 474 Semper
262 407 333 458 cnim
352 407 441 472 relico,
460 424 498 473 ac,
517 424 551 460 ne
570 410 634 475 post
654 408 753 460 amissa
771 408 904 477 requiras,
969 425 992 465 to

130 485 275 550 Anteveni,
295 487 323 536 et
342 483 463 536 subolem
483 491 607 536 armento
628 485 727 537 sortire
746 486 917 552 quotannis.

165 559 295 613 Necnon
314 565 343 613 ct
361 561 453 629 pecori
472 569 515 613 est
534 561 607 614 idem
630 561 753 614 delectus
772 563 879 630 equino.

130 637 171 690 Tu
189 637 277 705 modo,
297 654 365 706 quos
384 637 411 688 in
431 655 506 706 spem
527 641 633 691 statues
654 638 816 692 submittere
834 640 933 707 gentis,

131 715 310 782 Praecipuum
328 715 388 768 iam·
401 716 466 768 inde
485 734 502 770 a
520 717 623 769 toneris
642 717 760 784 inpendo
779 715 908 769 laborem.

130 791 264 844 Continuo
282 793 388 860 pecoris
407 794 533 861 generosi
552 793 643 862 pullus
662 794 688 846 in
708 793 780 846 arvis
968 805 990 846 to

131 867 221 920 Altius
239 868 402 937 ingreditur,
423 875 451 922 et
470 871 562 923 mollia
582 887 662 924 crura
680 869 804 938 reponit;

130 942 237 997 Primus
255 948 284 998 et
302 945 343 998 ire
361 947 432 1000 riam
450 951 479 1000 ot
498 946 594 1001 fluvios
613 950 752 1016 temptare
769 945 886 998 minacis

130 1019 224 1074 Audet
243 1026 271 1074 et
290 1022 384 1089 ignoto
368 1041 464 1078 osese
483 1026 657 1080 committere
676 1025 760 1095 ponti,

128 1095 186 1149 Nec
205 1114 286 1151 vanos
305 1099 444 1155 hor-trost
418 1103 504 1172 strepi
508 1107 559 1157 tus
600 1103 644 1156 llli
663 1101 749 1155 ardua
768 1099 867 1165 cervix,

129 1173 322 1244 Argutumque
341 1182 430 1246 eaput,
450 1179 542 1234 brevis
562 1181 645 1247 alvns,
666 1177 909 1244 obesaqueterga,
967 1187 991 1228 sc

128 1248 260 1304 Luxuriti
249 1256 315 1320 tque
334 1255 401 1307 toris
421 1256 573 1308 animosum
592 1261 696 1325 peetus.
735 1251 854 1304 llonesti

128 1324 257 1392 Spadices
275 1329 426 1418 glauciquq
446 1331 519 1384 color
539 1332 703 1384 deterrimus
723 1328 791 1382 albis

127 1401 163 1455 Et
181 1404 258 1471 gilro
296 1405 372 1473 Tum,
391 1407 413 1459 01
433 1425 487 1476 qua
507 1425 602 1460 sonum
621 1407 715 1476 procul
736 1421 811 1457 anna
831 1403 941 1471 dedere,

128 1478 207 1532 Stare
225 1481 283 1535 loco
302 1483 498 1549 nescit,.micat
517 1483 630 1537 auribus
649 1488 678 1536 et
696 1481 794 1536 tremit
812 1484 896 1546 artus,

127 1553 335 1626 Collectumqne
353 1558 473 1612 fremens
491 1560 576 1613 volvit
596 1559 646 1612 snb
665 1557 777 1611 naribus
795 1557 894 1623 ignem.
966 1569 991 1607 ss

127 1630 218 1685 Densa
235 1633 306 1700 iuba,
326 1638 355 1688 ct
374 1634 472 1688 dextro
492 1637 593 1689 iactata
613 1635 752 1689 recumbit
770 1634 798 1685 in
817 1649 893 1684 armo
900 1652 908 1697 ;

128 1709 168 1760 At
156 1708 287 1777 tduples
305 1712 396 1778 agitur
414 1728 463 1779 per
482 1711 588 1764 lumbos
609 1712 704 1780 spina3
723 1713 856 1776 cavatque

126 1782 263 1838 Tellurem
282 1791 311 1840 et
329 1787 415 1840 solido
434 1789 555 1856 graviter
575 1792 653 1841 sonat
671 1786 775 1866 ungula
793 1800 884 1837 cornu

127 1859 198 1912 Talis
218 1862 357 1930 Amyclaei
377 1866 498 1918 domitus
520 1865 636 1918 l'ollncis
657 1849 770 1916 habenis

127 1935 302 2002 (lyetllarus,
274 1956 445 2008 e‚qnorum
466 1942 541 1994 Graii
562 1942 712 1993 meminere
732 1939 837 2006 poetae,
966 1948 991 1988 so

127 2012 224 2067 Martis
243 2015 307 2083 equi
326 2015 440 2085 biiuges
462 2023 490 2071 ct
509 2017 602 2086 magni
621 2033 718 2071 currus
738 2011 854 2066 Achilli:

126 2087 198 2142 Talis
216 2094 245 2144 et
263 2092 322 2161 ipse
341 2093 433 2147 iubam
453 2095 558 2148 cervice
578 2094 678 2148 effudit
696 2091 796 2160 equina

106 2181 109 2188 ·
126 2164 255 2235 Coniugis
273 2169 394 2224 adventu
412 2171 509 2239 pernix
530 2172 675 2238 Saturnus,
695 2172 725 2222 01
744 2167 831 2220 altum

126 2239 220 2296 Pelion
238 2245 345 2300 hinnitu
364 2248 470 2314 fugiens
489 2248 604 2317 inplevit
623 2252 711 2300 acuto.

161 2318 242 2374 Hune
262 2339 378 2391 quoque,
397 2323 444 2375 ubi
463 2327 511 2376 ant
525 2325 620 2376 morbo
635 2322 728 2390 gravis
745 2323 792 2373 aut
808 2319 863 2371 iam
879 2318 989 2386 segnior

195 2397 271 2450 annis
965 2409 989 2446 se

125 2463 231 2538 Deficit,
251 2473 322 2527 abde
342 2474 430 2538 domo,
449 2491 498 2527 nec
518 2475 592 2542 turpi
612 2474 723 2540 ignosce
742 2476 886 2525 senectae:

126 2546 253 2616 Frigidus
272 2549 300 2602 in
320 2549 457 2602 Venerem
476 2550 574 2617 senior,
593 2550 754 2618 frustraque
772 2547 893 2600 laborem

127 2622 272 2691 ingratum
291 2625 391 2691 tralrit3
409 2629 445 2692 et,
461 2626 483 2678 si
503 2625 611 2693 quando
631 2627 666 2679 ad
685 2624 790 2694 proclia
808 2627 920 2677 ventum
938 2625 988 2690 est,

128 2695 165 2753 Ut
184 2702 322 2768 quondam
341 2701 369 2754 in
388 2701 497 2770 stipulis
516 2719 631 2769 magnus
651 2702 709 2756 sine
730 2701 834 2754 viribus
851 2699 928 2766 ignis,

127 2776 268 2830 Incassum
288 2778 361 2830 furit.
400 2778 472 2845 Ergo
490 2779 594 2831 animos
614 2795 770 2847 aevumque
789 2776 898 2830 notabis
954 2788 989 2826 roo

127 2851 294 2924 Praecipue;
312 2855 375 2908 hinc
394 2855 460 2908 alias
479 2856 553 2920 artis,
573 2855 735 2924 prolemque
755 2857 907 2922 parentum,

127 2927 163 2983 Et
182 2931 243 3000 quis
262 2932 360 3001 cuique
379 2931 456 2985 dolor
476 2932 554 2998 victo,
574 2949 644 3000 quae
663 2931 750 2998 gloria
768 2929 883 2998 palmae.

126 3005 224 3062 Nonne
243 3010 327 3076 videa,
346 3027 407 3062 cum
425 3008 569 3078 praecipiti
588 3008 738 3062 certamine
757 3020 883 3074 campum

126 3084 291 3154 Corripuere
309 3089 449 3155 ruuntque
468 3087 546 3139 effusi
565 3101 673 3138 carcere
685 3099 789 3149 currus,

127 3159 196 3214 Cum
215 3179 276 3231 spes
295 3167 420 3216 arrectae
437 3163 573 3229 iuvenum,
593 3160 814 3229 exsultantiaque
832 3156 926 3210 haurit
954 3171 989 3208 res

127 3237 218 3294 (larda
236 3255 321 3310 paror
337 3239 467 3308 pulsansl
504 3239 549 3294 llli
566 3238 672 3292 instant
690 3235 806 3290 verbere
826 3237 900 3289 terto
