2274 3554
440 141 622 190 AENEIDOS
640 143 710 192 LIB.
731 143 782 191 Ill.
995 143 1041 190 125

218 227 296 294 lude,
317 226 363 278 old
383 225 472 293 prima
490 223 561 277 fides
578 223 685 292 pelago,
703 223 865 292 placataque
884 223 958 278 venti

183 302 256 356 Dant
267 303 353 355 maria
364 306 394 354 et
406 301 474 354 lenis
487 301 625 369 crepitans
638 305 716 354 vocat
728 305 821 354 auster
832 301 861 354 in
873 301 968 368 altum,
1017 313 1043 357 tc

184 379 329 432 Dedueunt
347 378 412 443 socii
432 378 507 430 navis
526 381 555 430 et
573 377 654 430 litora
672 378 807 445 conplent.

184 455 362 508 Provehimur
380 457 470 521 portu,
489 459 635 520 terraeque
653 452 791 521 urbesque
809 453 948 508 recedunt

182 532 264 585 Sacra
281 531 349 582 mari
368 529 467 583 colitur
486 529 576 582 medio
595 529 751 596 gratissima
768 529 851 583 tellus

183 607 332 661 Nereidum
352 606 432 658 matri
452 609 480 658 et
500 605 629 672 Neptuno
650 607 768 672 Aegae0,

182 685 269 750 Quam
288 683 349 752 pius
369 683 534 735 Arcitenens
553 697 615 734 oras
633 686 662 734 et
681 682 760 736 litera
778 683 879 736 circum
1016 696 1042 738 75

185 759 328 814 Errantem
348 759 462 826 Mycono
480 775 496 811 e
516 758 588 811 celsa
607 758 751 827 Gyaroque
770 760 896 820 revinxit.

186 837 374 903 lnmetamque
392 834 443 887 eoli
462 834 542 888 dedit
561 839 589 888 et
608 838 782 889 contemnere
802 841 904 890 ventos.

186 913 245 966 llue
263 913 350 976 ler01·;
369 911 436 964 haec
454 911 539 964 fessos
557 915 620 964 tuto
638 911 821 979 placidissima
838 919 920 981 portu

183 990 297 1057 Accipit.
336 988 446 1054 Egressi
466 1004 627 1041 veneramur
646 987 782 1055 Apollinis
799 989 902 1042 urbem.

183 1065 242 1118 Rex
257 1065 352 1131 Anius,
365 1063 501 1117 residem
515 1063 653 1117 hominum
668 1063 826 1132 Phoebique
838 1065 972 1131 sacerdos,
1016 1080 1042 1119 sc

186 1139 267 1195 vittis
285 1145 315 1195 et
332 1157 410 1194 saera
427 1141 571 1194 redimitus
589 1145 714 1208 tempora
731 1139 815 1207 lauro,

183 1217 322 1282 Occurrit;
340 1221 461 1270 veterem
483 1216 620 1270 Anchisen
639 1215 783 1284 adgnoscit
800 1218 924 1273 amioum.

184 1293 325 1362 Iungimus
343 1294 463 1362 hospitio
481 1293 600 1355 dextras,
620 1297 649 1347 et
667 1297 742 1347 tecta
760 1293 889 1347 subimus.

217 1371 329 1439 Templa
347 1371 392 1424 dei
412 1386 477 1423 saxo
496 1370 645 1424 venerabar
664 1375 770 1424 structa
787 1375 910 1424 vetusto:

182 1446 226 1500 Da
239 1448 385 1516 propriam,
399 1446 576 1514 Thymbraee,
590 1447 716 1512 domum;
729 1447 765 1500 da
776 1448 883 1500 moenia
893 1447 973 1500 fessis
1016 1460 1040 1499 rs

182 1523 323 1592 tergenus
341 1528 370 1577 et
388 1540 543 1576 mansuram
562 1523 673 1588 m·bem;
691 1539 769 1578 serva
787 1524 874 1577 altera
892 1523 988 1576 Troiae

183 1601 324 1668 Pergama,
343 1600 472 1668 reliquias
492 1599 616 1652 Danaum
636 1604 719 1668 atque
740 1601 842 1654 inmitis
861 1600 970 1654 Achilli.

183 1677 270 1741 Quem
289 1676 445 1744 sequimurl
464 1692 553 1744 quere
570 1677 612 1729 ire
629 1677 725 1730 iubesl
744 1677 790 1730 ubi
808 1694 908 1746 ponere
926 1675 1023 1730 sedesl

183 1753 233 1820 Da,
250 1757 336 1822 pater,
356 1754 507 1821 augurium,
526 1757 611 1820 atque
630 1753 727 1806 animis
746 1753 867 1808 inlabere
885 1753 1013 1835 nostri&

217 1830 272 1882 Vix
285 1847 318 1883 ea
330 1831 402 1882 latus
415 1847 503 1883 eram:
521 1834 641 1884 tremere
656 1832 746 1884 emnia
758 1832 816 1884 visa
827 1835 946 1899 repente,
1016 1843 1041 1881 aa

183 1907 343 1974 liminaque
360 1906 508 1974 laurusque
526 1907 576 1970 dei,
594 1909 726 1974 totusque
744 1909 846 1960 moveri

183 1983 262 2036 Mons
280 1983 388 2045 circum,
407 1985 436 2035 et
453 1983 560 2049 mugire
578 1981 668 2050 adytis
687 1984 793 2036 cortina
810 1984 928 2038 reclusis.

183 2058 316 2112 Submissi
333 2058 453 2126 petimus
471 2062 581 2124 terram,
600 2063 629 2112 et
647 2075 698 2110 vox
718 2059 806 2112 fertur
823 2059 859 2114 ad
876 2062 963 2116 auris:

184 2133 358 2187 Dardanidae
377 2134 447 2203 duri,
466 2151 536 2202 quae
553 2151 601 2188 vos
618 2151 635 2187 a
653 2135 739 2202 stirpe
756 2140 901 2203 parentum

185 2211 276 2264 Prima
293 2211 358 2264 tulit
377 2211 464 2277 tellus,
485 2212 581 2266 eadem
599 2228 647 2264 vos
664 2210 750 2264 ubere
769 2211 842 2264 laeto
1016 2231 1041 2272 ss

186 2287 309 2354 Accipiet
327 2287 448 2340 reduces.
488 2290 636 2357 Antiquam
655 2287 791 2355 exquirite
808 2293 931 2343 matrem.

187 2364 238 2416 llic
256 2363 353 2417 domus
373 2366 485 2418 Aeneae
503 2365 606 2418 eunctis
626 2364 810 2418 dominabitur
828 2366 890 2434 oris,

186 2441 220 2492 ht
237 2441 293 2493 nati
313 2444 447 2507 natorum,
466 2447 496 2495 et
515 2444 560 2510 qui
582 2447 729 2496 nascentur
745 2442 781 2496 ab
799 2441 859 2496 illis.

186 2516 261 2570 Haec
281 2516 420 2582 Phoebus;
438 2519 578 2588 mixtoque
595 2521 691 2587 ingens
709 2524 803 2572 exorta
822 2521 942 2574 tumultu

185 2592 308 2656 Laetitia,
321 2597 350 2646 et
361 2595 460 2659 cuncti,
473 2613 544 2663 quae
556 2599 611 2651 sint
624 2615 657 2650 ea
669 2597 781 2662 moenia,
794 2601 936 2664 quaerunt,
1006 2611 1041 2651 ιω

184 2669 244 2733 Quo
263 2669 388 2722 Phoebus
408 2677 487 2724 vocet
506 2675 623 2727 errantis
643 2673 791 2740 iubeatque
809 2673 927 2726 revertil

184 2745 251 2798 Tum
269 2747 385 2814 genitor,
404 2753 527 2803 veterum
547 2751 658 2804 volvens
677 2757 852 2804 monumenta
869 2750 997 2818 virorum,

186 2822 296 2884 Audite,
315 2839 331 2876 0
349 2841 483 2894 proceres,
501 2828 547 2890 ait,
567 2836 597 2882 et
615 2845 678 2897 spes
696 2828 793 2880 discite
811 2830 930 2880 vestras:

184 2899 266 2952 Creta
287 2900 359 2954 lovis
376 2905 467 2970 magni
486 2905 577 2957 medio
595 2907 665 2958 iacet
683 2905 771 2957 insula
788 2907 885 2972 pontin

184 2973 263 3028 Mons
284 2976 384 3030 idaeus
402 2979 458 3046 ubi,
477 2984 506 3034 et
524 2983 613 3048 gentis
632 2982 765 3035 cunabula
784 2984 900 3033 nostrae.
1005 2993 1043 3032 roo

184 3049 301 3104 Centum
319 3053 401 3106 urbes
419 3055 546 3110 habitant
564 3075 682 3126 magnas,
700 3057 837 3110 uberrima
854 3071 953 3122 regna3

184 3126 330 3182 Maxumus
347 3131 421 3185 unde
440 3137 526 3202 pater,
546 3135 568 3188 si
587 3135 641 3188 rite
659 3135 753 3188 audita
770 3132 907 3196 recordor,

184 3203 304 3258 Teucrus
326 3205 464 3262 Rhoeteas
481 3211 597 3279 primum
618 3215 660 3265 est
677 3211 810 3266 advectus
825 3209 860 3262 ad
879 3225 947 3273 oras,
