2232 3556
158 116 204 164 258
395 111 423 160 P.
442 112 597 160 VERGILI
614 112 780 161 MAROMS

158 193 279 262 Quisque
297 209 366 260 suas,
385 192 522 261 variisque
540 196 641 249 acuunt
659 194 814 248 rumoribus
830 195 892 249 ires

158 271 229 334 Quin
247 270 307 338 ipsa
325 269 531 324 arrectis—visu
550 270 768 324 miserabile-in
785 270 872 324 hastis
970 285 1007 325 ees

159 346 317 414 Praefigunt
335 345 426 413 capita
444 348 473 398 et
490 345 577 398 multo
595 345 711 399 clamore
729 350 880 415 sequuntur

158 421 268 491 Euryali
287 425 316 476 et
326 421 402 475 uisi.

159 498 305 552 Aeneadae
324 498 385 550 duri
404 514 542 550 murorum
560 497 588 550 in
606 502 685 566 parte
704 497 813 551 sinistra

157 573 315 643 Opposuero
334 574 526 640 aciem-nam
545 574 661 626 dextera
679 574 796 640 cingitur
814 575 923 646 amni-ff

158 651 337 718 lugentisque
354 653 451 703 tenent
469 649 563 716 fossas,
582 654 611 702 et
627 649 751 702 turribus
768 649 830 703 altis
969 664 1007 704 47⁰

158 727 239 779 Stant
257 727 370 792 maesti;
394 725 474 778 simul
493 742 540 778 ora
558 726 646 778 virum
664 725 786 794 praelixa
803 725 958 791 movebant,

157 801 231 855 Nota
249 803 330 854 nimis
348 801 455 856 miseris
473 805 589 869 atroque
607 801 720 854 liuentia
736 800 809 854 tabo,

192 879 304 932 Interea
321 879 449 947 pavidam
467 878 583 931 volitans
601 881 721 946 pennata
737 895 787 946 per
804 877 900 931 urbem

157 954 261 1007 Nuntia
280 954 365 1007 Fama
383 955 445 1020 ruit,
464 955 614 1022 matrisque
632 953 771 1008 adlabitur
789 954 861 1007 auris

158 1030 273 1099 Euryali.
310 1031 350 1084 At
368 1029 475 1084 subitus
493 1031 608 1082 miserae
625 1030 699 1083 calor
716 1047 777 1084 ossa
795 1030 920 1098 reliquit;
969 1045 1007 1085 sva

159 1105 270 1159 Excussi
289 1107 413 1160 manibus
431 1107 508 1171 radii,
526 1106 703 1174 revolutaque
720 1123 811 1175 pensa.

159 1181 254 1235 Evolat
272 1183 375 1246 infelix,
392 1185 421 1235 et
439 1183 554 1235 femineo
572 1181 684 1248 ululatu,

158 1257 246 1310 Scissa
265 1275 375 1323 comam,
394 1275 486 1310 muros
504 1274 597 1311 amens
615 1261 698 1325 atque
716 1258 824 1325 agmina
841 1275 922 1312 cursu

160 1333 250 1388 Prima
267 1335 346 1403 petit,
364 1351 417 1386 non
436 1334 482 1386 illa
501 1334 594 1398 virum,
612 1349 665 1386 non
683 1334 729 1386 illa
746 1334 843 1402 pericli

160 1409 337 1478 Telorumque
355 1427 472 1474 mernor;
497 1409 601 1462 eaelum
620 1409 718 1462 dehinc
736 1410 878 1478 questibus
895 1409 999 1478 inplet:

161 1486 240 1538 llunc
258 1503 309 1553 ego
326 1490 362 1551 te,
383 1486 504 1553 Euryale,
522 1485 642 1553 aspicio?
666 1489 732 1539 tune
749 1486 795 1539 ille
813 1489 938 1539 seneciae

160 1562 225 1614 Sera
243 1578 320 1614 meae
338 1562 454 1630 requies,
473 1562 586 1629 potuisti
604 1561 728 1630 linquere
747 1562 837 1627 solam,

160 1637 300 1690 Crudelisl
325 1654 374 1691 nec
392 1642 427 1704 te,
446 1638 496 1690 sub
514 1641 592 1690 tanta
609 1637 730 1705 pericula
747 1638 866 1705 missum,

161 1712 257 1766 Adlari
275 1719 428 1766 extremum
446 1715 561 1766 miserae
581 1713 647 1766 data
665 1715 741 1782 copia
759 1715 857 1768 matril

160 1789 229 1850 Heu,
248 1793 323 1842 terra
340 1789 433 1856 ignota
450 1789 561 1842 canibus
579 1789 644 1842 date
662 1791 763 1857 praeda
782 1789 887 1843 Latinis
968 1806 1008 1845 ses

161 1865 335 1934 Alitibusque
353 1865 435 1919 iaces!
461 1882 510 1918 nec
528 1870 556 1918 te
575 1870 623 1918 tua
640 1865 736 1918 funera
753 1869 842 1918 mater

161 1941 287 2007 Produxi,
304 1943 425 2010 pressive
443 1942 541 2008 oculos,
560 1947 607 1995 aut
626 1942 734 1995 volnera
752 1941 813 2008 lavi,

160 2017 245 2071 Veste
264 2023 365 2086 tegens,
384 2018 434 2071 tibi
453 2034 535 2086 quam
552 2021 646 2070 noctes
663 2017 762 2070 festina
780 2017 894 2087 diesque

160 2094 317 2161 Urguebam
336 2097 365 2147 ct
382 2094 438 2146 tela
455 2109 533 2146 curas
550 2092 657 2145 solabar
674 2092 759 2146 anilis¹

161 2169 219 2232 Quo
241 2171 356 2238 sequarl
381 2173 429 2222 aut
447 2185 517 2238 quae
535 2185 606 2222 nunc
623 2171 700 2222 artus
719 2169 864 2238 avolsaque
881 2169 1008 2224 membra

161 2246 196 2298 Et
212 2247 294 2298 funus
311 2246 430 2299 lacerum
448 2245 530 2298 tellus
549 2245 650 2298 lrabctl
675 2245 735 2298 Hoc
753 2244 819 2298 mihi
838 2245 873 2298 de
891 2249 927 2312 te,

161 2323 184 2373 N
187 2325 240 2386 ate,
259 2321 360 2374 reforsl
385 2321 434 2373 lroc
453 2337 511 2374 sum
530 2325 658 2388 terraque
676 2320 799 2389 marique
817 2323 926 2374 secutai

164 2397 250 2464 Figite
267 2414 318 2464 me,
337 2397 360 2448 si
378 2413 432 2463 qua
450 2400 493 2449 est
510 2397 605 2464 pietas,
622 2397 650 2448 in
668 2413 712 2449 me
730 2397 820 2450 omnia
837 2397 893 2450 tela

160 2473 300 2538 Coniicita
319 2489 335 2523 ο
355 2471 460 2535 Rutuli,
477 2488 521 2524 me
539 2472 655 2539 primam
674 2471 810 2526 absumite
827 2473 914 2537 ferro;

164 2553 220 2600 aut
238 2552 276 2614 tu,
295 2563 392 2614 magno
410 2549 490 2614 pater
508 2546 607 2613 divom,
625 2548 762 2614 miserere,
780 2552 883 2616 tuoque
971 2565 1009 2604 aas

163 2623 282 2675 invisum
300 2621 350 2675 hoc
369 2621 486 2676 detrude
504 2627 586 2690 caput
604 2623 654 2676 sub
672 2623 787 2678 Tartara
804 2625 866 2692 telo,

161 2699 275 2763 Quando
293 2698 373 2752 aliter
391 2714 497 2766 nequeo
515 2699 653 2752 crudelem
673 2699 835 2768 abrumpere
853 2701 944 2754 vitam.

162 2775 222 2828 Hoc
240 2774 307 2828 lietu
324 2774 446 2827 concussi
465 2774 555 2841 animi,
573 2779 747 2843 maestusque
765 2793 815 2843 per
833 2776 920 2829 omnis

163 2851 190 2903 lt
207 2851 340 2918 gemitus3
363 2853 474 2917 torpent
491 2849 623 2902 infractae
641 2851 676 2902 ad
695 2852 797 2918 proelia
815 2852 893 2904 vires.

162 2925 241 2978 Illam
258 2925 447 2978 incendentem
465 2925 554 2978 luctus
575 2925 674 2978 idaeus
692 2931 721 2978 et
740 2929 827 2980 Actor
971 2943 1011 2982 ooo

163 3001 258 3053 llionei
276 3002 379 3054 monitu
397 3004 426 3053 et
443 3000 559 3052 multum
574 2999 741 3054 lacrimantis
760 3002 813 3054 Iuli

163 3075 328 3143 Corripiunt,
341 3077 467 3144 interque
485 3091 580 3127 manus
599 3075 649 3127 sub
667 3081 742 3130 tecta
759 3080 901 3146 reponunt.

197 3154 238 3205 At
254 3152 322 3206 tuba
339 3151 492 3206 terribilem
511 3151 628 3204 sonitum
646 3153 739 3218 procul
758 3170 821 3206 aere
839 3169 937 3208 canoro
