2242 3550
394 137 597 188 enoseieou
615 139 684 188 nin.
705 139 758 191 111.
968 132 997 182 ⁵²

154 219 247 284 Atque
267 216 333 268 haec
352 214 406 268 iam
426 217 515 284 primo
535 217 664 285 depulsus
682 217 717 271 ab
735 217 820 272 ubere
837 219 933 273 matris

150 293 268 359 Audeat,
287 293 369 359 inque
387 293 473 345 vicem
491 293 540 347 det
558 294 684 347 mollibus
703 311 751 348 ora
768 295 893 363 capistris

148 368 288 422 lnvalidus
307 369 446 437 etiamque
464 373 592 436 tremens,
611 371 695 424 etiam
713 371 813 424 inscius
830 372 896 425 aevi.

146 451 187 500 At
205 444 294 498 tribus
313 446 416 498 exactis
434 445 481 498 ubi
501 451 600 514 quarta
618 448 764 501 accesserit
782 453 879 516 aestas,
966 463 1001 504 lec

145 525 267 592 Carpere
285 537 348 573 mox
367 538 463 588 gyrum
482 523 595 591 incipiat
613 523 800 592 gradibusque
819 541 915 578 sonare

144 598 306 668 (impositis,
326 598 472 666 sinuetque
490 599 597 652 alterna
615 600 751 654 volumina
769 618 885 667 crurum,

143 677 243 746 Sitque
260 674 397 728 laboranti
417 675 527 739 similis;
547 680 605 728 tum
626 676 750 730 cursibus
768 695 855 744 auras,

143 755 212 808 'lum
231 756 316 818 vocet,
335 767 366 802 ac
384 767 434 818 per
453 757 548 819 aperta
567 753 667 818 volans,
686 771 736 806 ceu
754 753 824 807 liber
841 753 962 816 habenis,

135 834 276 898 ⁴Aequora
293 828 338 880 vix
358 844 464 880 summa
482 827 598 895 vestigia
616 835 701 896 ponat
719 847 815 896 arena;
966 845 1002 884 1⁰³

144 907 238 971 Qualis
258 903 445 974 Hyperboreis
466 905 567 972 Aquilo
586 922 647 958 cum
666 907 766 960 densus
785 907 820 960 ab
839 907 893 959 oris

146 983 281 1050 incubuit,
301 979 483 1049 Scythiaeque
501 980 605 1035 hiemes
623 985 707 1050 atque
726 983 804 1036 arida
822 983 914 1036 differt

144 1061 169 1114 N
172 1060 260 1125 ubila;
277 1062 337 1111 tum
356 1063 465 1126 segetes
483 1059 555 1111 altae
574 1059 716 1128 campique
735 1063 862 1112 natantes

146 1137 264 1191 Lenibus
282 1137 442 1189 horrescunt
461 1135 561 1202 flabris,
579 1151 754 1204 summaeque
773 1152 896 1188 sonorem

143 1215 219 1267 Dant
237 1213 319 1267 silvae
338 1213 466 1281 longique
485 1216 604 1280 urguent
622 1211 658 1264 ad
675 1212 757 1265 litora
775 1211 888 1276 fluctus;
965 1225 1000 1266 eoo

145 1291 196 1344 llle
215 1290 295 1357 volat,
315 1289 394 1342 simul
413 1307 478 1342 arva
496 1289 567 1356 luga,
586 1287 666 1340 simul
685 1305 803 1356 aequora
820 1305 938 1341 verrens.

144 1367 198 1420 Hie
216 1367 259 1420 vel
278 1366 314 1419 ad
335 1365 392 1418 Elei
412 1370 500 1418 metas
519 1368 548 1417 ct
566 1381 693 1417 maxuma
712 1366 800 1433 campi

143 1442 261 1506 {sudabit
278 1443 374 1511 spatia,
395 1445 424 1495 et
442 1457 552 1510 spumas
571 1445 635 1508 aget
654 1458 700 1494 ore
719 1447 853 1507 cruentas,

146 1520 256 1588 llelgica
274 1520 316 1573 vel
334 1519 409 1572 molli
428 1518 525 1571 melius
543 1518 614 1570 feret
633 1517 729 1571 esseda
747 1519 820 1571 eollo.

143 1597 211 1649 l'um
231 1596 341 1650 demum
360 1613 452 1648 crassa
469 1611 597 1662 magnum
616 1594 752 1662 farragine
770 1611 867 1663 corpus
964 1611 999 1649 aot

143 1674 273 1727 Crescere
291 1673 345 1725 iani
364 1671 476 1724 domitis
494 1671 591 1724 sinito:
615 1689 732 1740 namquo
750 1676 814 1725 ante
832 1671 998 1726 domandum

145 1750 268 1818 lugentis
287 1749 385 1802 tollent
404 1748 514 1812 animos,
533 1748 679 1817 prensique
698 1748 836 1816 negabunt

144 1827 268 1881 Verbera
286 1826 360 1879 lenta
378 1825 437 1893 pati
456 1828 484 1876 et
503 1823 580 1877 duris
598 1842 695 1892 parere
707 1825 820 1892 lupatis.

178 1902 233 1956 Sed
251 1919 304 1955 non
322 1902 378 1954 ulla
396 1901 482 1967 inagis
501 1900 566 1953 viris
585 1900 720 1953 industria
740 1901 839 1968 firmat,

143 1979 230 2043 Quam
250 1978 386 2032 Venerem
406 1981 435 2031 et
453 1977 525 2030 caeci
545 1977 669 2030 stimulos
688 1981 812 2030 avertere
830 1980 936 2046 amoris,
962 1993 998 2032 aio

143 2055 205 2108 Sive
224 2055 306 2107 boum
324 2054 381 2107 sive
401 2057 444 2107 est
463 2054 505 2106 cui
523 2054 627 2120 gratior
646 2071 711 2106 usus
731 2071 869 2122 equorum.

145 2134 238 2200 Atque
255 2130 318 2184 ideo
335 2134 429 2183 tauros
447 2130 541 2199 procul
560 2133 643 2197 atquo
661 2130 688 2182 in
707 2131 763 2182 sola
781 2131 904 2198 relegant

145 2207 253 2275 Pascua,
271 2211 334 2275 post
350 2211 470 2259 montem
486 2207 648 2274 oppositum,
662 2211 690 2260 et
706 2211 783 2260 trans
799 2207 910 2260 flumina
926 2208 997 2277 latu;

143 2285 201 2338 Aut
219 2284 293 2338 intus
310 2283 415 2337 clausos
435 2288 528 2336 satura
547 2282 583 2335 ad
601 2284 744 2353 praesepia
762 2288 877 2338 servant.

143 2360 237 2428 Carpit
255 2360 327 2413 enim
346 2360 410 2413 viris
430 2360 561 2428 paulatim
581 2360 692 2428 uritque
711 2360 829 2414 videndo
962 2377 997 2414 215

143 2437 262 2504 Femina,
282 2453 331 2490 nec
350 2453 489 2490 nemorum
509 2438 614 2506 patitur
632 2439 786 2491 meminisse
804 2455 853 2491 nec
871 2437 978 2490 herbae.

143 2513 274 2566 Dulcibus
292 2513 339 2567 illa
357 2514 467 2582 quidem
488 2514 631 2567 inlecebris
650 2518 679 2568 et
697 2532 778 2584 saepe
797 2515 928 2584 superbos

143 2590 277 2643 Cornibus
294 2590 367 2644 inter
385 2609 413 2644 sc
436 2592 538 2659 subigit
558 2591 707 2646 decernere
725 2593 847 2646 amantis.

146 2667 268 2720 Pascitur
286 2668 313 2720 in
332 2686 431 2736 magna
451 2669 506 2722 Sila
525 2669 643 2722 formosa
661 2669 789 2723 iuvenca:

141 2743 187 2796 illi
205 2744 373 2799 alternantes
393 2747 480 2800 multa
498 2747 524 2799 vi
543 2746 647 2816 proelia
665 2747 779 2799 miscent
961 2756 997 2795 aao
1092 2819 1094 2823 v

143 2820 307 2875 Volneribus
324 2824 446 2889 erebris;
464 2825 530 2877 lavit
549 2827 609 2877 ater
627 2839 741 2892 corpora
758 2821 872 2888 sanguis,

143 2897 286 2970 versaque
304 2902 331 2954 in
350 2901 464 2955 obnixos
484 2906 636 2970 urguentur
655 2917 755 2952 cornua
772 2901 849 2950 vasto

143 2977 210 3030 Cum
228 2980 349 3047 gemitu;
367 2979 483 3032 reboant
502 2979 640 3047 silvaeque
661 2980 689 3029 et
708 2976 804 3042 longus
823 2973 961 3041 Olympus.

143 3055 200 3108 Nec
217 3073 276 3109 mos
294 3056 422 3109 bellantis
441 3073 494 3108 una
513 3055 664 3118 stabulare3
684 3052 732 3105 sed
751 3053 820 3104 alter

144 3129 240 3186 Victus
260 3131 325 3198 abit,
344 3133 478 3200 longeque
497 3131 597 3198 ignotis
617 3129 723 3182 exsulat
742 3128 803 3194 oris,
960 3139 996 3178 aas

144 3207 233 3262 Multa
250 3225 362 3274 gemens
380 3207 555 3274 ignominiam
574 3205 722 3272 plagasque
741 3203 851 3271 superbi
