<?xml version="1.0" encoding="UTF-8"?>
<!DOCTYPE html PUBLIC "-//W3C//DTD XHTML 1.0 Transitional//EN"
    "http://www.w3.org/TR/xhtml1/DTD/xhtml1-transitional.dtd">
<html xmlns="http://www.w3.org/1999/xhtml" xml:lang="en" lang="en">
 <head>
  <title>
</title>
<meta http-equiv="Content-Type" content="text/html;charset=utf-8" />
  <meta name='ocr-system' content='tesseract 3.04.00' />
  <meta name='ocr-capabilities' content='ocr_page ocr_carea ocr_par ocr_line ocrx_word'/>
</head>
<body>
  <div class='ocr_page' id='page_1' title='image "./operaexrecensio02virggoog_0029.png"; bbox 0 0 2242 3550; ppageno 0'>
   <div class='ocr_carea' id='block_1_1' title="bbox 105 155 959 2436">
    <p class='ocr_par' dir='ltr' id='par_1_1' title="bbox 334 155 954 207">
     <span class='ocr_line' id='line_1_1' title="bbox 334 155 954 207; baseline 0 -1"><span class='ocrx_word' id='word_1_1' title='bbox 334 157 522 207; x_wconf 81' lang='lat' dir='ltr'><strong>BUCOLIGA.</strong></span> <span class='ocrx_word' id='word_1_2' title='bbox 558 157 632 206; x_wconf 80' lang='lat' dir='ltr'><strong>MOL.</strong></span> <span class='ocrx_word' id='word_1_3' title='bbox 646 156 725 204; x_wconf 89' lang='lat' dir='ltr'><strong>VIII.</strong></span> <span class='ocrx_word' id='word_1_4' title='bbox 926 155 954 206; x_wconf 81' lang='lat'><strong>17</strong></span> 
     </span>
    </p>

    <p class='ocr_par' dir='ltr' id='par_1_2' title="bbox 105 236 956 458">
     <span class='ocr_line' id='line_1_2' title="bbox 105 236 806 308; baseline -0.007 -13"><span class='ocrx_word' id='word_1_5' title='bbox 105 244 132 295; x_wconf 84' lang='lat' dir='ltr'>A</span> <span class='ocrx_word' id='word_1_6' title='bbox 150 244 179 294; x_wconf 85' lang='lat' dir='ltr'><strong>te</strong></span> <span class='ocrx_word' id='word_1_7' title='bbox 196 239 367 308; x_wconf 88' lang='lat' dir='ltr'><strong>principium,</strong></span> <span class='ocrx_word' id='word_1_8' title='bbox 384 237 436 292; x_wconf 91' lang='lat' dir='ltr'><strong>tibi</strong></span> <span class='ocrx_word' id='word_1_9' title='bbox 454 237 569 292; x_wconf 85' lang='lat' dir='ltr'><strong>desinet.</strong></span> <span class='ocrx_word' id='word_1_10' title='bbox 605 237 708 306; x_wconf 82' lang='lat' dir='ltr'><strong>Accipe</strong></span> <span class='ocrx_word' id='word_1_11' title='bbox 725 236 806 290; x_wconf 87' lang='lat' dir='ltr'><strong>iussis</strong></span> 
     </span>
     <span class='ocr_line' id='line_1_3' title="bbox 105 310 956 382; baseline -0.005 -12"><span class='ocrx_word' id='word_1_12' title='bbox 105 316 233 370; x_wconf 77' lang='lat' dir='ltr'>Carmina</span> <span class='ocrx_word' id='word_1_13' title='bbox 249 317 346 382; x_wconf 90' lang='lat' dir='ltr'><strong>coepta</strong></span> <span class='ocrx_word' id='word_1_14' title='bbox 362 314 425 380; x_wconf 90' lang='lat' dir='ltr'><strong>tuis,</strong></span> <span class='ocrx_word' id='word_1_15' title='bbox 443 317 527 381; x_wconf 88' lang='lat' dir='ltr'><strong>atquc</strong></span> <span class='ocrx_word' id='word_1_16' title='bbox 545 313 613 366; x_wconf 90' lang='lat' dir='ltr'><strong>hanc</strong></span> <span class='ocrx_word' id='word_1_17' title='bbox 632 314 690 367; x_wconf 89' lang='lat' dir='ltr'><strong>sine</strong></span> <span class='ocrx_word' id='word_1_18' title='bbox 706 316 832 381; x_wconf 88' lang='lat' dir='ltr'><strong>tempora</strong></span> <span class='ocrx_word' id='word_1_19' title='bbox 852 310 956 366; x_wconf 88' lang='lat' dir='ltr'><strong>circum</strong></span> 
     </span>
     <span class='ocr_line' id='line_1_4' title="bbox 106 389 787 458; baseline -0.004 -13"><span class='ocrx_word' id='word_1_20' title='bbox 106 393 185 446; x_wconf 85' lang='lat' dir='ltr'><strong>Inter</strong></span> <span class='ocrx_word' id='word_1_21' title='bbox 202 390 320 444; x_wconf 85' lang='lat' dir='ltr'><strong>victricis</strong></span> <span class='ocrx_word' id='word_1_22' title='bbox 338 389 469 442; x_wconf 79' lang='lat' dir='ltr'><strong>hederam</strong></span> <span class='ocrx_word' id='word_1_23' title='bbox 487 389 538 443; x_wconf 90' lang='lat' dir='ltr'><strong>tibi</strong></span> <span class='ocrx_word' id='word_1_24' title='bbox 557 407 668 458; x_wconf 85' lang='lat' dir='ltr'><strong>serpere</strong></span> <span class='ocrx_word' id='word_1_25' title='bbox 685 390 787 443; x_wconf 90' lang='lat' dir='ltr'><strong>laurus.</strong></span> 
     </span>
    </p>

    <p class='ocr_par' dir='ltr' id='par_1_3' title="bbox 105 465 957 685">
     <span class='ocr_line' id='line_1_5' title="bbox 140 465 813 535; baseline -0.003 -15"><span class='ocrx_word' id='word_1_26' title='bbox 140 467 254 535; x_wconf 80' lang='lat' dir='ltr'><strong>Frigida</strong></span> <span class='ocrx_word' id='word_1_27' title='bbox 272 466 317 518; x_wconf 84' lang='lat' dir='ltr'><strong>vix</strong></span> <span class='ocrx_word' id='word_1_28' title='bbox 334 465 409 519; x_wconf 87' lang='lat' dir='ltr'><strong>caelo</strong></span> <span class='ocrx_word' id='word_1_29' title='bbox 427 466 514 519; x_wconf 88' lang='lat' dir='ltr'><strong>noctis</strong></span> <span class='ocrx_word' id='word_1_30' title='bbox 532 466 690 519; x_wconf 80' lang='lat' dir='ltr'><strong>decesserat</strong></span> <span class='ocrx_word' id='word_1_31' title='bbox 708 465 813 533; x_wconf 87' lang='lat' dir='ltr'><strong>umbra,</strong></span> 
     </span>
     <span class='ocr_line' id='line_1_6' title="bbox 105 541 957 610; baseline -0.005 -12"><span class='ocrx_word' id='word_1_32' title='bbox 105 544 175 598; x_wconf 74' lang='lat' dir='ltr'><strong>(lum</strong></span> <span class='ocrx_word' id='word_1_33' title='bbox 193 560 238 596; x_wconf 89' lang='lat' dir='ltr'><strong>ros</strong></span> <span class='ocrx_word' id='word_1_34' title='bbox 254 543 283 596; x_wconf 90' lang='lat' dir='ltr'><strong>in</strong></span> <span class='ocrx_word' id='word_1_35' title='bbox 300 545 397 596; x_wconf 90' lang='lat' dir='ltr'><strong>tenera</strong></span> <span class='ocrx_word' id='word_1_36' title='bbox 413 542 505 609; x_wconf 91' lang='lat' dir='ltr'><strong>pecori</strong></span> <span class='ocrx_word' id='word_1_37' title='bbox 523 542 694 610; x_wconf 84' lang='lat' dir='ltr'><strong>gratissimus</strong></span> <span class='ocrx_word' id='word_1_38' title='bbox 713 541 806 608; x_wconf 84' lang='lat' dir='ltr'><strong>herba,</strong></span> <span class='ocrx_word' id='word_1_39' title='bbox 932 554 957 594; x_wconf 71' lang='grc' dir='ltr'>ιι</span> 
     </span>
     <span class='ocr_line' id='line_1_7' title="bbox 106 617 775 685; baseline -0.003 -13"><span class='ocrx_word' id='word_1_40' title='bbox 106 619 272 672; x_wconf 88' lang='lat' dir='ltr'><strong>Incumbens</strong></span> <span class='ocrx_word' id='word_1_41' title='bbox 290 619 374 672; x_wconf 88' lang='lat' dir='ltr'><strong>tereti</strong></span> <span class='ocrx_word' id='word_1_42' title='bbox 393 619 498 671; x_wconf 82' lang='lat' dir='ltr'><strong>Damon</strong></span> <span class='ocrx_word' id='word_1_43' title='bbox 518 618 556 671; x_wconf 88' lang='lat' dir='ltr'><strong>sie</strong></span> <span class='ocrx_word' id='word_1_44' title='bbox 574 617 664 685; x_wconf 88' lang='lat' dir='ltr'><strong>coepit</strong></span> <span class='ocrx_word' id='word_1_45' title='bbox 682 617 775 670; x_wconf 86' lang='lat' dir='ltr'><strong>olivae.</strong></span> 
     </span>
    </p>

    <p class='ocr_par' dir='ltr' id='par_1_4' title="bbox 106 692 959 2436">
     <span class='ocr_line' id='line_1_8' title="bbox 140 692 957 763; baseline -0.004 -15"><span class='ocrx_word' id='word_1_46' title='bbox 140 695 178 748; x_wconf 89' lang='lat' dir='ltr'><strong>D.</strong></span> <span class='ocrx_word' id='word_1_47' title='bbox 187 695 313 761; x_wconf 81' lang='lat' dir='ltr'><strong>Nascere,</strong></span> <span class='ocrx_word' id='word_1_48' title='bbox 321 711 441 763; x_wconf 79' lang='lat' dir='ltr'><strong>praeque</strong></span> <span class='ocrx_word' id='word_1_49' title='bbox 450 693 523 746; x_wconf 89' lang='lat' dir='ltr'><strong>diem</strong></span> <span class='ocrx_word' id='word_1_50' title='bbox 530 694 642 747; x_wconf 85' lang='lat' dir='ltr'><strong>veniens</strong></span> <span class='ocrx_word' id='word_1_51' title='bbox 652 709 710 761; x_wconf 83' lang='lat' dir='ltr'><strong>age,</strong></span> <span class='ocrx_word' id='word_1_52' title='bbox 722 693 838 759; x_wconf 81' lang='lat' dir='ltr'><strong>Lucifer,</strong></span> <span class='ocrx_word' id='word_1_53' title='bbox 847 692 957 762; x_wconf 90' lang='lat' dir='ltr'><strong>almum,</strong></span> 
     </span>
     <span class='ocr_line' id='line_1_9' title="bbox 106 769 728 838; baseline -0.003 -13"><span class='ocrx_word' id='word_1_54' title='bbox 106 771 235 838; x_wconf 81' lang='lat' dir='ltr'><strong>Coniugis</strong></span> <span class='ocrx_word' id='word_1_55' title='bbox 252 771 365 838; x_wconf 84' lang='lat' dir='ltr'><strong>indigno</strong></span> <span class='ocrx_word' id='word_1_56' title='bbox 384 771 468 823; x_wconf 83' lang='lat' dir='ltr'><strong>Nisae</strong></span> <span class='ocrx_word' id='word_1_57' title='bbox 486 769 618 838; x_wconf 88' lang='lat' dir='ltr'><strong>deceptus</strong></span> <span class='ocrx_word' id='word_1_58' title='bbox 636 785 728 823; x_wconf 88' lang='lat' dir='ltr'><strong>amore</strong></span> 
     </span>
     <span class='ocr_line' id='line_1_10' title="bbox 106 845 899 916; baseline -0.004 -16"><span class='ocrx_word' id='word_1_59' title='bbox 106 847 178 900; x_wconf 87' lang='lat' dir='ltr'><strong>Dum</strong></span> <span class='ocrx_word' id='word_1_60' title='bbox 197 863 304 916; x_wconf 89' lang='lat' dir='ltr'><strong>queror,</strong></span> <span class='ocrx_word' id='word_1_61' title='bbox 323 849 351 900; x_wconf 90' lang='lat' dir='ltr'><strong>et</strong></span> <span class='ocrx_word' id='word_1_62' title='bbox 369 846 453 908; x_wconf 89' lang='lat' dir='ltr'><strong>divos,</strong></span> <span class='ocrx_word' id='word_1_63' title='bbox 472 861 636 914; x_wconf 88' lang='lat' dir='ltr'><strong>quamquam</strong></span> <span class='ocrx_word' id='word_1_64' title='bbox 654 846 692 898; x_wconf 92' lang='lat' dir='ltr'><strong>nil</strong></span> <span class='ocrx_word' id='word_1_65' title='bbox 709 846 829 900; x_wconf 88' lang='lat' dir='ltr'><strong>testibus</strong></span> <span class='ocrx_word' id='word_1_66' title='bbox 845 845 899 897; x_wconf 89' lang='lat' dir='ltr'><strong>illis</strong></span> 
     </span>
     <span class='ocr_line' id='line_1_11' title="bbox 107 921 957 989; baseline -0.005 -13"><span class='ocrx_word' id='word_1_67' title='bbox 107 923 221 989; x_wconf 87' lang='lat' dir='ltr'><strong>Proieci,</strong></span> <span class='ocrx_word' id='word_1_68' title='bbox 239 926 364 976; x_wconf 89' lang='lat' dir='ltr'><strong>extrema</strong></span> <span class='ocrx_word' id='word_1_69' title='bbox 381 923 498 976; x_wconf 89' lang='lat' dir='ltr'><strong>moriens</strong></span> <span class='ocrx_word' id='word_1_70' title='bbox 516 925 609 974; x_wconf 86' lang='lat' dir='ltr'><strong>tamen</strong></span> <span class='ocrx_word' id='word_1_71' title='bbox 628 921 761 988; x_wconf 87' lang='lat' dir='ltr'><strong>adloquor</strong></span> <span class='ocrx_word' id='word_1_72' title='bbox 778 921 851 972; x_wconf 88' lang='lat' dir='ltr'><strong>hora.</strong></span> <span class='ocrx_word' id='word_1_73' title='bbox 933 933 957 972; x_wconf 82' lang='lat' dir='ltr'><strong>ao</strong></span> 
     </span>
     <span class='ocr_line' id='line_1_12' title="bbox 106 997 789 1067; baseline -0.004 -16"><span class='ocrx_word' id='word_1_74' title='bbox 106 998 202 1067; x_wconf 91' lang='lat' dir='ltr'><strong>Incipe</strong></span> <span class='ocrx_word' id='word_1_75' title='bbox 220 999 367 1052; x_wconf 88' lang='lat' dir='ltr'><strong>Maenalios</strong></span> <span class='ocrx_word' id='word_1_76' title='bbox 385 1014 499 1064; x_wconf 91' lang='lat' dir='ltr'><strong>mecum,</strong></span> <span class='ocrx_word' id='word_1_77' title='bbox 518 1014 578 1050; x_wconf 88' lang='lat' dir='ltr'><strong>mea</strong></span> <span class='ocrx_word' id='word_1_78' title='bbox 596 997 670 1063; x_wconf 86' lang='lat' dir='ltr'><strong>tibia,</strong></span> <span class='ocrx_word' id='word_1_79' title='bbox 689 1014 789 1050; x_wconf 89' lang='lat' dir='ltr'><strong>versus.</strong></span> 
     </span>
     <span class='ocr_line' id='line_1_13' title="bbox 106 1072 866 1142; baseline -0.007 -14"><span class='ocrx_word' id='word_1_80' title='bbox 106 1074 248 1128; x_wconf 74' lang='lat' dir='ltr'><strong>Maenalus</strong></span> <span class='ocrx_word' id='word_1_81' title='bbox 265 1077 448 1142; x_wconf 74' lang='lat' dir='ltr'><strong>argutumque</strong></span> <span class='ocrx_word' id='word_1_82' title='bbox 465 1090 561 1127; x_wconf 91' lang='lat' dir='ltr'><strong>nemus</strong></span> <span class='ocrx_word' id='word_1_83' title='bbox 579 1073 711 1141; x_wconf 88' lang='lat' dir='ltr'><strong>pinosque</strong></span> <span class='ocrx_word' id='word_1_84' title='bbox 729 1072 866 1140; x_wconf 87' lang='lat' dir='ltr'><strong>loquentis</strong></span> 
     </span>
     <span class='ocr_line' id='line_1_14' title="bbox 106 1148 914 1220; baseline -0.007 -16"><span class='ocrx_word' id='word_1_85' title='bbox 106 1151 222 1220; x_wconf 84' lang='lat' dir='ltr'><strong>Semper</strong></span> <span class='ocrx_word' id='word_1_86' title='bbox 239 1150 340 1215; x_wconf 85' lang='lat' dir='ltr'><strong>habot3</strong></span> <span class='ocrx_word' id='word_1_87' title='bbox 357 1165 465 1216; x_wconf 86' lang='lat' dir='ltr'><strong>semper</strong></span> <span class='ocrx_word' id='word_1_88' title='bbox 482 1153 623 1217; x_wconf 86' lang='lat' dir='ltr'><strong>pastorum</strong></span> <span class='ocrx_word' id='word_1_89' title='bbox 641 1149 687 1201; x_wconf 91' lang='lat' dir='ltr'><strong>ille</strong></span> <span class='ocrx_word' id='word_1_90' title='bbox 706 1148 784 1200; x_wconf 88' lang='lat' dir='ltr'><strong>audit</strong></span> <span class='ocrx_word' id='word_1_91' title='bbox 802 1163 914 1213; x_wconf 89' lang='lat' dir='ltr'><strong>amores,</strong></span> 
     </span>
     <span class='ocr_line' id='line_1_15' title="bbox 107 1223 871 1296; baseline -0.005 -16"><span class='ocrx_word' id='word_1_92' title='bbox 107 1227 243 1296; x_wconf 84' lang='lat' dir='ltr'><strong>Panaque,</strong></span> <span class='ocrx_word' id='word_1_93' title='bbox 263 1226 309 1294; x_wconf 91' lang='lat' dir='ltr'><strong>qui</strong></span> <span class='ocrx_word' id='word_1_94' title='bbox 327 1226 431 1294; x_wconf 92' lang='lat' dir='ltr'><strong>primus</strong></span> <span class='ocrx_word' id='word_1_95' title='bbox 449 1227 566 1279; x_wconf 88' lang='lat' dir='ltr'><strong>calamos</strong></span> <span class='ocrx_word' id='word_1_96' title='bbox 584 1241 636 1277; x_wconf 93' lang='lat' dir='ltr'><strong>nou</strong></span> <span class='ocrx_word' id='word_1_97' title='bbox 655 1240 751 1293; x_wconf 89' lang='lat' dir='ltr'><strong>passus</strong></span> <span class='ocrx_word' id='word_1_98' title='bbox 768 1223 871 1276; x_wconf 86' lang='lat' dir='ltr'><strong>inertis.</strong></span> 
     </span>
     <span class='ocr_line' id='line_1_16' title="bbox 107 1300 957 1371; baseline -0.006 -14"><span class='ocrx_word' id='word_1_99' title='bbox 107 1303 202 1371; x_wconf 89' lang='lat' dir='ltr'><strong>Incipe</strong></span> <span class='ocrx_word' id='word_1_100' title='bbox 220 1301 369 1356; x_wconf 86' lang='lat' dir='ltr'><strong>Maenalios</strong></span> <span class='ocrx_word' id='word_1_101' title='bbox 386 1319 500 1368; x_wconf 89' lang='lat' dir='ltr'><strong>mecum,</strong></span> <span class='ocrx_word' id='word_1_102' title='bbox 518 1317 580 1354; x_wconf 89' lang='lat' dir='ltr'><strong>mea</strong></span> <span class='ocrx_word' id='word_1_103' title='bbox 598 1300 674 1368; x_wconf 85' lang='lat' dir='ltr'><strong>tibia,</strong></span> <span class='ocrx_word' id='word_1_104' title='bbox 692 1317 795 1354; x_wconf 88' lang='lat' dir='ltr'><strong>versus.</strong></span> <span class='ocrx_word' id='word_1_105' title='bbox 933 1312 957 1352; x_wconf 73' lang='lat' dir='ltr'><strong>aa</strong></span> 
     </span>
     <span class='ocr_line' id='line_1_17' title="bbox 106 1377 885 1447; baseline -0.001 -15"><span class='ocrx_word' id='word_1_106' title='bbox 106 1379 204 1447; x_wconf 87' lang='lat' dir='ltr'><strong>Mopso</strong></span> <span class='ocrx_word' id='word_1_107' title='bbox 223 1379 289 1431; x_wconf 90' lang='lat' dir='ltr'><strong>Nisa</strong></span> <span class='ocrx_word' id='word_1_108' title='bbox 307 1379 405 1432; x_wconf 88' lang='lat' dir='ltr'><strong>datur:</strong></span> <span class='ocrx_word' id='word_1_109' title='bbox 425 1377 492 1446; x_wconf 91' lang='lat' dir='ltr'><strong>quid</strong></span> <span class='ocrx_word' id='word_1_110' title='bbox 509 1394 563 1430; x_wconf 93' lang='lat' dir='ltr'><strong>nou</strong></span> <span class='ocrx_word' id='word_1_111' title='bbox 582 1393 723 1446; x_wconf 89' lang='lat' dir='ltr'><strong>speremus</strong></span> <span class='ocrx_word' id='word_1_112' title='bbox 741 1377 885 1431; x_wconf 67' lang='lat' dir='ltr'><strong>amantes?</strong></span> 
     </span>
     <span class='ocr_line' id='line_1_18' title="bbox 108 1454 835 1522; baseline -0.003 -14"><span class='ocrx_word' id='word_1_113' title='bbox 108 1455 260 1522; x_wconf 79' lang='lat' dir='ltr'><strong>Iungentur</strong></span> <span class='ocrx_word' id='word_1_114' title='bbox 277 1455 332 1506; x_wconf 90' lang='lat' dir='ltr'><strong>iam</strong></span> <span class='ocrx_word' id='word_1_115' title='bbox 349 1470 448 1522; x_wconf 77' lang='lat' dir='ltr'><strong>grypes</strong></span> <span class='ocrx_word' id='word_1_116' title='bbox 466 1455 552 1522; x_wconf 90' lang='lat' dir='ltr'><strong>equis,</strong></span> <span class='ocrx_word' id='word_1_117' title='bbox 570 1470 691 1522; x_wconf 88' lang='lat' dir='ltr'><strong>aevoque</strong></span> <span class='ocrx_word' id='word_1_118' title='bbox 710 1454 835 1522; x_wconf 82' lang='lat' dir='ltr'><strong>sequenti</strong></span> 
     </span>
     <span class='ocr_line' id='line_1_19' title="bbox 108 1529 864 1598; baseline 0.004 -14"><span class='ocrx_word' id='word_1_119' title='bbox 108 1531 176 1584; x_wconf 84' lang='lat' dir='ltr'><strong>Cum</strong></span> <span class='ocrx_word' id='word_1_120' title='bbox 195 1529 306 1583; x_wconf 89' lang='lat' dir='ltr'><strong>canibus</strong></span> <span class='ocrx_word' id='word_1_121' title='bbox 323 1529 415 1583; x_wconf 90' lang='lat' dir='ltr'><strong>timidi</strong></span> <span class='ocrx_word' id='word_1_122' title='bbox 433 1531 544 1583; x_wconf 88' lang='lat' dir='ltr'><strong>venient</strong></span> <span class='ocrx_word' id='word_1_123' title='bbox 561 1531 597 1582; x_wconf 87' lang='lat' dir='ltr'><strong>ad</strong></span> <span class='ocrx_word' id='word_1_124' title='bbox 616 1531 712 1598; x_wconf 87' lang='lat' dir='ltr'><strong>pocula</strong></span> <span class='ocrx_word' id='word_1_125' title='bbox 731 1530 864 1586; x_wconf 88' lang='lat' dir='ltr'><strong>dammae.</strong></span> 
     </span>
     <span class='ocr_line' id='line_1_20' title="bbox 107 1604 831 1675; baseline 0 -16"><span class='ocrx_word' id='word_1_126' title='bbox 107 1607 212 1675; x_wconf 86' lang='lat' dir='ltr'><strong>Mopse,</strong></span> <span class='ocrx_word' id='word_1_127' title='bbox 231 1622 313 1659; x_wconf 88' lang='lat' dir='ltr'><strong>novas</strong></span> <span class='ocrx_word' id='word_1_128' title='bbox 330 1605 421 1658; x_wconf 92' lang='lat' dir='ltr'><strong>incide</strong></span> <span class='ocrx_word' id='word_1_129' title='bbox 438 1605 526 1658; x_wconf 89' lang='lat' dir='ltr'><strong>iaces:</strong></span> <span class='ocrx_word' id='word_1_130' title='bbox 547 1604 597 1658; x_wconf 83' lang='lat' dir='ltr'><strong>tibi</strong></span> <span class='ocrx_word' id='word_1_131' title='bbox 617 1605 727 1658; x_wconf 90' lang='lat' dir='ltr'><strong>ducitur</strong></span> <span class='ocrx_word' id='word_1_132' title='bbox 745 1623 831 1673; x_wconf 78' lang='lat' dir='ltr'><strong>uxor3</strong></span> 
     </span>
     <span class='ocr_line' id='line_1_21' title="bbox 108 1681 958 1751; baseline 0.005 -15"><span class='ocrx_word' id='word_1_133' title='bbox 108 1683 219 1751; x_wconf 79' lang='lat' dir='ltr'><strong>Sparge,</strong></span> <span class='ocrx_word' id='word_1_134' title='bbox 231 1683 336 1748; x_wconf 87' lang='lat' dir='ltr'><strong>marite,</strong></span> <span class='ocrx_word' id='word_1_135' title='bbox 349 1698 447 1736; x_wconf 90' lang='lat' dir='ltr'><strong>nuces:</strong></span> <span class='ocrx_word' id='word_1_136' title='bbox 466 1681 516 1734; x_wconf 88' lang='lat' dir='ltr'><strong>tibi</strong></span> <span class='ocrx_word' id='word_1_137' title='bbox 529 1681 632 1735; x_wconf 87' lang='lat' dir='ltr'><strong>deserit</strong></span> <span class='ocrx_word' id='word_1_138' title='bbox 646 1681 787 1749; x_wconf 82' lang='lat' dir='ltr'><strong>Hesperus</strong></span> <span class='ocrx_word' id='word_1_139' title='bbox 801 1685 907 1739; x_wconf 86' lang='lat' dir='ltr'><strong>Oetam.</strong></span> <span class='ocrx_word' id='word_1_140' title='bbox 932 1700 958 1739; x_wconf 84' lang='lat' dir='ltr'><strong>sc</strong></span> 
     </span>
     <span class='ocr_line' id='line_1_22' title="bbox 108 1758 795 1826; baseline 0 -14"><span class='ocrx_word' id='word_1_141' title='bbox 108 1759 202 1826; x_wconf 90' lang='lat' dir='ltr'><strong>Incipe</strong></span> <span class='ocrx_word' id='word_1_142' title='bbox 221 1759 370 1812; x_wconf 88' lang='lat' dir='ltr'><strong>Maenalios</strong></span> <span class='ocrx_word' id='word_1_143' title='bbox 388 1773 501 1824; x_wconf 89' lang='lat' dir='ltr'><strong>mecum,</strong></span> <span class='ocrx_word' id='word_1_144' title='bbox 519 1773 580 1810; x_wconf 88' lang='lat' dir='ltr'><strong>mea</strong></span> <span class='ocrx_word' id='word_1_145' title='bbox 598 1758 674 1824; x_wconf 89' lang='lat' dir='ltr'><strong>tibia,</strong></span> <span class='ocrx_word' id='word_1_146' title='bbox 694 1775 795 1812; x_wconf 88' lang='lat' dir='ltr'><strong>versus.</strong></span> 
     </span>
     <span class='ocr_line' id='line_1_23' title="bbox 108 1832 808 1904; baseline 0 -16"><span class='ocrx_word' id='word_1_147' title='bbox 108 1834 132 1888; x_wconf 91' lang='grc' dir='ltr'>Ο</span> <span class='ocrx_word' id='word_1_148' title='bbox 151 1835 233 1902; x_wconf 83' lang='lat' dir='ltr'><strong>digno</strong></span> <span class='ocrx_word' id='word_1_149' title='bbox 251 1834 393 1887; x_wconf 88' lang='lat' dir='ltr'><strong>coniuncta</strong></span> <span class='ocrx_word' id='word_1_150' title='bbox 410 1833 475 1899; x_wconf 84' lang='lat' dir='ltr'><strong>viro,</strong></span> <span class='ocrx_word' id='word_1_151' title='bbox 495 1832 560 1886; x_wconf 93' lang='lat' dir='ltr'><strong>dum</strong></span> <span class='ocrx_word' id='word_1_152' title='bbox 579 1833 696 1902; x_wconf 87' lang='lat' dir='ltr'><strong>despicis</strong></span> <span class='ocrx_word' id='word_1_153' title='bbox 714 1837 808 1904; x_wconf 90' lang='lat' dir='ltr'><strong>omnis,</strong></span> 
     </span>
     <span class='ocr_line' id='line_1_24' title="bbox 108 1909 912 1982; baseline 0.004 -18"><span class='ocrx_word' id='word_1_154' title='bbox 108 1910 236 1978; x_wconf 89' lang='lat' dir='ltr'><strong>Dumque</strong></span> <span class='ocrx_word' id='word_1_155' title='bbox 253 1910 305 1964; x_wconf 87' lang='lat' dir='ltr'><strong>tibi</strong></span> <span class='ocrx_word' id='word_1_156' title='bbox 323 1913 366 1963; x_wconf 89' lang='lat' dir='ltr'><strong>est</strong></span> <span class='ocrx_word' id='word_1_157' title='bbox 384 1909 446 1962; x_wconf 90' lang='lat' dir='ltr'><strong>odi0</strong></span> <span class='ocrx_word' id='word_1_158' title='bbox 464 1926 526 1962; x_wconf 90' lang='lat' dir='ltr'><strong>mea</strong></span> <span class='ocrx_word' id='word_1_159' title='bbox 543 1911 635 1963; x_wconf 86' lang='lat' dir='ltr'><strong>fistula</strong></span> <span class='ocrx_word' id='word_1_160' title='bbox 653 1909 774 1978; x_wconf 87' lang='lat' dir='ltr'><strong>dumque</strong></span> <span class='ocrx_word' id='word_1_161' title='bbox 792 1913 912 1982; x_wconf 88' lang='lat' dir='ltr'><strong>capellae</strong></span> 
     </span>
     <span class='ocr_line' id='line_1_25' title="bbox 109 1985 820 2057; baseline 0.001 -17"><span class='ocrx_word' id='word_1_162' title='bbox 109 1987 310 2055; x_wconf 86' lang='lat' dir='ltr'><strong>Hirsutumque</strong></span> <span class='ocrx_word' id='word_1_163' title='bbox 329 1985 501 2054; x_wconf 89' lang='lat' dir='ltr'><strong>supercilium</strong></span> <span class='ocrx_word' id='word_1_164' title='bbox 519 1986 708 2055; x_wconf 88' lang='lat' dir='ltr'><strong>promissaque</strong></span> <span class='ocrx_word' id='word_1_165' title='bbox 727 1987 820 2057; x_wconf 88' lang='lat' dir='ltr'><strong>barba,</strong></span> 
     </span>
     <span class='ocr_line' id='line_1_26' title="bbox 109 2061 959 2130; baseline 0.005 -16"><span class='ocrx_word' id='word_1_166' title='bbox 109 2061 168 2115; x_wconf 86' lang='lat' dir='ltr'><strong>Nec</strong></span> <span class='ocrx_word' id='word_1_167' title='bbox 184 2078 279 2116; x_wconf 89' lang='lat' dir='ltr'><strong>curare</strong></span> <span class='ocrx_word' id='word_1_168' title='bbox 297 2062 380 2116; x_wconf 90' lang='lat' dir='ltr'><strong>deum</strong></span> <span class='ocrx_word' id='word_1_169' title='bbox 398 2061 488 2114; x_wconf 89' lang='lat' dir='ltr'><strong>credis</strong></span> <span class='ocrx_word' id='word_1_170' title='bbox 506 2062 632 2116; x_wconf 86' lang='lat' dir='ltr'><strong>mortalia</strong></span> <span class='ocrx_word' id='word_1_171' title='bbox 651 2069 829 2130; x_wconf 90' lang='lat' dir='ltr'><strong>quemquam!</strong></span> <span class='ocrx_word' id='word_1_172' title='bbox 934 2081 959 2122; x_wconf 82' lang='lat' dir='ltr'><strong>cs</strong></span> 
     </span>
     <span class='ocr_line' id='line_1_27' title="bbox 110 2137 791 2204; baseline 0.003 -14"><span class='ocrx_word' id='word_1_173' title='bbox 110 2137 203 2203; x_wconf 87' lang='lat' dir='ltr'><strong>Incipe</strong></span> <span class='ocrx_word' id='word_1_174' title='bbox 221 2138 370 2191; x_wconf 87' lang='lat' dir='ltr'><strong>Maenalios</strong></span> <span class='ocrx_word' id='word_1_175' title='bbox 389 2153 501 2202; x_wconf 91' lang='lat' dir='ltr'><strong>mecum,</strong></span> <span class='ocrx_word' id='word_1_176' title='bbox 519 2154 580 2191; x_wconf 89' lang='lat' dir='ltr'><strong>mea</strong></span> <span class='ocrx_word' id='word_1_177' title='bbox 598 2138 673 2204; x_wconf 86' lang='lat' dir='ltr'><strong>tibia,</strong></span> <span class='ocrx_word' id='word_1_178' title='bbox 691 2155 791 2192; x_wconf 85' lang='lat' dir='ltr'><strong>versus.</strong></span> 
     </span>
     <span class='ocr_line' id='line_1_28' title="bbox 110 2213 826 2282; baseline 0.004 -16"><span class='ocrx_word' id='word_1_179' title='bbox 110 2213 242 2282; x_wconf 81' lang='lat' dir='ltr'><strong>Saepibus</strong></span> <span class='ocrx_word' id='word_1_180' title='bbox 259 2215 287 2266; x_wconf 92' lang='lat' dir='ltr'><strong>in</strong></span> <span class='ocrx_word' id='word_1_181' title='bbox 304 2213 404 2268; x_wconf 88' lang='lat' dir='ltr'><strong>nostris</strong></span> <span class='ocrx_word' id='word_1_182' title='bbox 422 2230 534 2281; x_wconf 87' lang='lat' dir='ltr'><strong>parvam</strong></span> <span class='ocrx_word' id='word_1_183' title='bbox 553 2218 582 2268; x_wconf 88' lang='lat' dir='ltr'><strong>te</strong></span> <span class='ocrx_word' id='word_1_184' title='bbox 599 2213 706 2268; x_wconf 88' lang='lat' dir='ltr'><strong>roscida</strong></span> <span class='ocrx_word' id='word_1_185' title='bbox 723 2215 826 2269; x_wconf 78' lang='lat' dir='ltr'><strong>nrala-</strong></span> 
     </span>
     <span class='ocr_line' id='line_1_29' title="bbox 110 2289 881 2360; baseline 0.012 -20"><span class='ocrx_word' id='word_1_186' title='bbox 110 2289 174 2341; x_wconf 84' lang='lat' dir='ltr'><strong>Dux</strong></span> <span class='ocrx_word' id='word_1_187' title='bbox 191 2306 242 2356; x_wconf 85' lang='lat' dir='ltr'><strong>ego</strong></span> <span class='ocrx_word' id='word_1_188' title='bbox 259 2293 350 2344; x_wconf 86' lang='lat' dir='ltr'><strong>vester</strong></span> <span class='ocrx_word' id='word_1_189' title='bbox 367 2291 532 2344; x_wconf 86' lang='lat' dir='ltr'><strong>eram-vidi</strong></span> <span class='ocrx_word' id='word_1_190' title='bbox 551 2307 612 2344; x_wconf 91' lang='lat' dir='ltr'><strong>cum</strong></span> <span class='ocrx_word' id='word_1_191' title='bbox 630 2293 718 2343; x_wconf 87' lang='lat' dir='ltr'><strong>matre</strong></span> <span class='ocrx_word' id='word_1_192' title='bbox 736 2291 881 2360; x_wconf 85' lang='lat' dir='ltr'><strong>legentem.</strong></span> 
     </span>
     <span class='ocr_line' id='line_1_30' title="bbox 111 2364 901 2436; baseline 0.009 -19"><span class='ocrx_word' id='word_1_193' title='bbox 111 2364 192 2418; x_wconf 90' lang='lat' dir='ltr'><strong>Alter</strong></span> <span class='ocrx_word' id='word_1_194' title='bbox 210 2366 244 2418; x_wconf 89' lang='lat' dir='ltr'><strong>ab</strong></span> <span class='ocrx_word' id='word_1_195' title='bbox 261 2367 405 2420; x_wconf 88' lang='lat' dir='ltr'><strong>undecimo</strong></span> <span class='ocrx_word' id='word_1_196' title='bbox 423 2373 483 2422; x_wconf 82' lang='lat' dir='ltr'><strong>tum</strong></span> <span class='ocrx_word' id='word_1_197' title='bbox 501 2367 618 2420; x_wconf 87' lang='lat' dir='ltr'><strong>maiam</strong></span> <span class='ocrx_word' id='word_1_198' title='bbox 636 2373 779 2435; x_wconf 84' lang='lat' dir='ltr'><strong>acceperat</strong></span> <span class='ocrx_word' id='word_1_199' title='bbox 797 2387 901 2436; x_wconf 89' lang='lat' dir='ltr'><strong>annua;</strong></span> 
     </span>
    </p>
   </div>
   <div class='ocr_carea' id='block_1_2' title="bbox 110 2440 1055 2511">
    <p class='ocr_par' dir='ltr' id='par_1_5' title="bbox 110 2440 1055 2511">
     <span class='ocr_line' id='line_1_31' title="bbox 110 2440 1055 2511; baseline 0.01 -19"><span class='ocrx_word' id='word_1_200' title='bbox 110 2440 170 2492; x_wconf 89' lang='lat' dir='ltr'><strong>Iam</strong></span> <span class='ocrx_word' id='word_1_201' title='bbox 187 2441 291 2509; x_wconf 82' lang='lat' dir='ltr'><strong>fragilis</strong></span> <span class='ocrx_word' id='word_1_202' title='bbox 308 2447 431 2511; x_wconf 89' lang='lat' dir='ltr'><strong>poteram</strong></span> <span class='ocrx_word' id='word_1_203' title='bbox 449 2445 484 2498; x_wconf 85' lang='lat' dir='ltr'><strong>ab</strong></span> <span class='ocrx_word' id='word_1_204' title='bbox 502 2449 578 2497; x_wconf 86' lang='lat' dir='ltr'><strong>terra</strong></span> <span class='ocrx_word' id='word_1_205' title='bbox 595 2445 752 2511; x_wconf 84' lang='lat' dir='ltr'><strong>contingere</strong></span> <span class='ocrx_word' id='word_1_206' title='bbox 770 2463 865 2500; x_wconf 88' lang='lat' dir='ltr'><strong>ramos.</strong></span> <span class='ocrx_word' id='word_1_207' title='bbox 934 2463 960 2500; x_wconf 77' lang='lat' dir='ltr'><strong>cc</strong></span> <span class='ocrx_word' id='word_1_208' title='bbox 1051 2467 1055 2474; x_wconf 92' lang='lat'><em>·</em></span> 
     </span>
    </p>
   </div>
   <div class='ocr_carea' id='block_1_3' title="bbox 93 2515 960 3270">
    <p class='ocr_par' dir='ltr' id='par_1_6' title="bbox 110 2515 844 2586">
     <span class='ocr_line' id='line_1_32' title="bbox 110 2515 844 2586; baseline 0.008 -17"><span class='ocrx_word' id='word_1_209' title='bbox 110 2515 151 2569; x_wconf 91' lang='lat' dir='ltr'><strong>Ut</strong></span> <span class='ocrx_word' id='word_1_210' title='bbox 168 2517 231 2583; x_wconf 72' lang='lat' dir='ltr'><strong>vidi</strong></span> <span class='ocrx_word' id='word_1_211' title='bbox 249 2521 281 2571; x_wconf 90' lang='lat' dir='ltr'><strong>ut</strong></span> <span class='ocrx_word' id='word_1_212' title='bbox 299 2518 383 2586; x_wconf 89' lang='lat' dir='ltr'><strong>perii!</strong></span> <span class='ocrx_word' id='word_1_213' title='bbox 402 2523 434 2573; x_wconf 89' lang='lat' dir='ltr'><strong>ut</strong></span> <span class='ocrx_word' id='word_1_214' title='bbox 451 2537 495 2573; x_wconf 92' lang='lat' dir='ltr'><strong>me</strong></span> <span class='ocrx_word' id='word_1_215' title='bbox 514 2519 601 2572; x_wconf 90' lang='lat' dir='ltr'><strong>malus</strong></span> <span class='ocrx_word' id='word_1_216' title='bbox 619 2519 733 2573; x_wconf 79' lang='lat' dir='ltr'><strong>abstuIIt</strong></span> <span class='ocrx_word' id='word_1_217' title='bbox 752 2526 844 2576; x_wconf 90' lang='lat' dir='ltr'><strong>error!</strong></span> 
     </span>
    </p>

    <p class='ocr_par' dir='ltr' id='par_1_7' title="bbox 111 2591 796 2663">
     <span class='ocr_line' id='line_1_33' title="bbox 111 2591 796 2663; baseline 0.007 -18"><span class='ocrx_word' id='word_1_218' title='bbox 111 2591 204 2660; x_wconf 91' lang='lat' dir='ltr'><strong>Incipe</strong></span> <span class='ocrx_word' id='word_1_219' title='bbox 224 2593 372 2647; x_wconf 88' lang='lat' dir='ltr'><strong>Maenalios</strong></span> <span class='ocrx_word' id='word_1_220' title='bbox 389 2612 503 2663; x_wconf 90' lang='lat' dir='ltr'><strong>mecum,</strong></span> <span class='ocrx_word' id='word_1_221' title='bbox 521 2611 583 2648; x_wconf 91' lang='lat' dir='ltr'><strong>mea</strong></span> <span class='ocrx_word' id='word_1_222' title='bbox 600 2595 676 2661; x_wconf 88' lang='lat' dir='ltr'><strong>tibia,</strong></span> <span class='ocrx_word' id='word_1_223' title='bbox 695 2613 796 2650; x_wconf 91' lang='lat' dir='ltr'><strong>versus.</strong></span> 
     </span>
    </p>

    <p class='ocr_par' dir='ltr' id='par_1_8' title="bbox 93 2667 959 2965">
     <span class='ocr_line' id='line_1_34' title="bbox 110 2667 894 2740; baseline 0.008 -19"><span class='ocrx_word' id='word_1_224' title='bbox 110 2667 190 2740; x_wconf 79' lang='lat' dir='ltr'><strong>Mrmc</strong></span> <span class='ocrx_word' id='word_1_225' title='bbox 208 2669 270 2735; x_wconf 88' lang='lat' dir='ltr'><strong>scio,</strong></span> <span class='ocrx_word' id='word_1_226' title='bbox 290 2670 356 2738; x_wconf 92' lang='lat' dir='ltr'><strong>quid</strong></span> <span class='ocrx_word' id='word_1_227' title='bbox 375 2672 412 2724; x_wconf 90' lang='lat' dir='ltr'><strong>sit</strong></span> <span class='ocrx_word' id='word_1_228' title='bbox 431 2671 535 2735; x_wconf 74' lang='lat' dir='ltr'><strong>Amor,</strong></span> <span class='ocrx_word' id='word_1_229' title='bbox 554 2671 630 2724; x_wconf 90' lang='lat' dir='ltr'><strong>duris</strong></span> <span class='ocrx_word' id='word_1_230' title='bbox 648 2673 676 2724; x_wconf 91' lang='lat' dir='ltr'><strong>in</strong></span> <span class='ocrx_word' id='word_1_231' title='bbox 694 2672 801 2727; x_wconf 90' lang='lat' dir='ltr'><strong>cotibus</strong></span> <span class='ocrx_word' id='word_1_232' title='bbox 819 2674 894 2727; x_wconf 90' lang='lat' dir='ltr'><strong>illum</strong></span> 
     </span>
     <span class='ocr_line' id='line_1_35' title="bbox 111 2745 941 2816; baseline 0.008 -19"><span class='ocrx_word' id='word_1_233' title='bbox 111 2745 170 2798; x_wconf 83' lang='lat' dir='ltr'><strong>Aut</strong></span> <span class='ocrx_word' id='word_1_234' title='bbox 189 2745 308 2812; x_wconf 84' lang='lat' dir='ltr'><strong>Tmaros,</strong></span> <span class='ocrx_word' id='word_1_235' title='bbox 326 2750 375 2800; x_wconf 90' lang='lat' dir='ltr'><strong>aut</strong></span> <span class='ocrx_word' id='word_1_236' title='bbox 394 2747 533 2816; x_wconf 85' lang='lat' dir='ltr'><strong>Rhodope,</strong></span> <span class='ocrx_word' id='word_1_237' title='bbox 552 2751 600 2800; x_wconf 85' lang='lat' dir='ltr'><strong>aut</strong></span> <span class='ocrx_word' id='word_1_238' title='bbox 618 2749 734 2802; x_wconf 85' lang='lat' dir='ltr'><strong>extremi</strong></span> <span class='ocrx_word' id='word_1_239' title='bbox 753 2750 941 2816; x_wconf 84' lang='lat' dir='ltr'><strong>Garamantes,</strong></span> 
     </span>
     <span class='ocr_line' id='line_1_36' title="bbox 110 2819 959 2892; baseline 0.008 -19"><span class='ocrx_word' id='word_1_240' title='bbox 110 2819 169 2874; x_wconf 87' lang='lat' dir='ltr'><strong>Nec</strong></span> <span class='ocrx_word' id='word_1_241' title='bbox 186 2821 293 2887; x_wconf 86' lang='lat' dir='ltr'><strong>generis</strong></span> <span class='ocrx_word' id='word_1_242' title='bbox 311 2823 397 2876; x_wconf 88' lang='lat' dir='ltr'><strong>nostri</strong></span> <span class='ocrx_word' id='word_1_243' title='bbox 415 2839 531 2892; x_wconf 90' lang='lat' dir='ltr'><strong>puerum</strong></span> <span class='ocrx_word' id='word_1_244' title='bbox 548 2840 598 2878; x_wconf 91' lang='lat' dir='ltr'><strong>nec</strong></span> <span class='ocrx_word' id='word_1_245' title='bbox 617 2825 754 2892; x_wconf 81' lang='lat' dir='ltr'><strong>sanguinis</strong></span> <span class='ocrx_word' id='word_1_246' title='bbox 773 2825 864 2879; x_wconf 90' lang='lat' dir='ltr'><strong>edunt.</strong></span> <span class='ocrx_word' id='word_1_247' title='bbox 934 2840 959 2880; x_wconf 71' lang='lat' dir='ltr'><strong>es</strong></span> 
     </span>
     <span class='ocr_line' id='line_1_37' title="bbox 93 2894 796 2965; baseline 0.007 -17"><span class='ocrx_word' id='word_1_248' title='bbox 93 2894 204 2962; x_wconf 77' lang='lat' dir='ltr'><strong>¹Incipe</strong></span> <span class='ocrx_word' id='word_1_249' title='bbox 223 2896 372 2950; x_wconf 89' lang='lat' dir='ltr'><strong>Maenalios</strong></span> <span class='ocrx_word' id='word_1_250' title='bbox 390 2915 503 2965; x_wconf 90' lang='lat' dir='ltr'><strong>mecum,</strong></span> <span class='ocrx_word' id='word_1_251' title='bbox 522 2916 584 2953; x_wconf 91' lang='lat' dir='ltr'><strong>mea</strong></span> <span class='ocrx_word' id='word_1_252' title='bbox 600 2900 676 2964; x_wconf 80' lang='lat' dir='ltr'><strong>tibia,</strong></span> <span class='ocrx_word' id='word_1_253' title='bbox 694 2917 796 2954; x_wconf 88' lang='lat' dir='ltr'><strong>versus.</strong></span> 
     </span>
    </p>

    <p class='ocr_par' dir='ltr' id='par_1_9' title="bbox 110 2970 960 3270">
     <span class='ocr_line' id='line_1_38' title="bbox 110 2970 856 3042; baseline 0.008 -18"><span class='ocrx_word' id='word_1_254' title='bbox 110 2970 213 3024; x_wconf 83' lang='lat' dir='ltr'><strong>Saevus</strong></span> <span class='ocrx_word' id='word_1_255' title='bbox 232 2974 319 3026; x_wconf 85' lang='lat' dir='ltr'><strong>Amor</strong></span> <span class='ocrx_word' id='word_1_256' title='bbox 336 2974 429 3027; x_wconf 75' lang='lat' dir='ltr'><strong>docuIt</strong></span> <span class='ocrx_word' id='word_1_257' title='bbox 447 2979 571 3028; x_wconf 89' lang='lat' dir='ltr'><strong>natorum</strong></span> <span class='ocrx_word' id='word_1_258' title='bbox 590 2975 721 3042; x_wconf 86' lang='lat' dir='ltr'><strong>sanguine</strong></span> <span class='ocrx_word' id='word_1_259' title='bbox 739 2980 856 3030; x_wconf 88' lang='lat' dir='ltr'><strong>matrem</strong></span> 
     </span>
     <span class='ocr_line' id='line_1_39' title="bbox 111 3046 884 3119; baseline 0.01 -20"><span class='ocrx_word' id='word_1_260' title='bbox 111 3046 315 3102; x_wconf 71' lang='lat' dir='ltr'><strong>commaculare</strong></span> <span class='ocrx_word' id='word_1_261' title='bbox 332 3066 442 3115; x_wconf 89' lang='lat' dir='ltr'><strong>mauus;</strong></span> <span class='ocrx_word' id='word_1_262' title='bbox 460 3051 577 3106; x_wconf 90' lang='lat' dir='ltr'><strong>erudelis</strong></span> <span class='ocrx_word' id='word_1_263' title='bbox 595 3055 627 3104; x_wconf 89' lang='lat' dir='ltr'><strong>tu</strong></span> <span class='ocrx_word' id='word_1_264' title='bbox 645 3067 761 3118; x_wconf 91' lang='lat' dir='ltr'><strong>quoque,</strong></span> <span class='ocrx_word' id='word_1_265' title='bbox 779 3057 868 3106; x_wconf 86' lang='lat' dir='ltr'><strong>mater</strong></span> <span class='ocrx_word' id='word_1_266' title='bbox 877 3074 884 3119; x_wconf 94' lang='lat'>;</span> 
     </span>
     <span class='ocr_line' id='line_1_40' title="bbox 110 3122 822 3194; baseline 0.007 -17"><span class='ocrx_word' id='word_1_267' title='bbox 110 3122 236 3177; x_wconf 77' lang='lat' dir='ltr'><strong>Crudelis</strong></span> <span class='ocrx_word' id='word_1_268' title='bbox 253 3128 341 3178; x_wconf 88' lang='lat' dir='ltr'><strong>mater</strong></span> <span class='ocrx_word' id='word_1_269' title='bbox 359 3127 452 3193; x_wconf 81' lang='lat' dir='ltr'><strong>magis,</strong></span> <span class='ocrx_word' id='word_1_270' title='bbox 471 3143 505 3180; x_wconf 90' lang='lat' dir='ltr'><strong>an</strong></span> <span class='ocrx_word' id='word_1_271' title='bbox 522 3143 591 3194; x_wconf 88' lang='lat' dir='ltr'><strong>puer</strong></span> <span class='ocrx_word' id='word_1_272' title='bbox 607 3125 738 3194; x_wconf 89' lang='lat' dir='ltr'><strong>inprobus</strong></span> <span class='ocrx_word' id='word_1_273' title='bbox 756 3127 822 3182; x_wconf 80' lang='lat' dir='ltr'><strong>illel</strong></span> 
     </span>
     <span class='ocr_line' id='line_1_41' title="bbox 111 3198 960 3270; baseline 0.008 -18"><span class='ocrx_word' id='word_1_274' title='bbox 111 3198 249 3268; x_wconf 84' lang='lat' dir='ltr'><strong>inprobus</strong></span> <span class='ocrx_word' id='word_1_275' title='bbox 265 3201 312 3254; x_wconf 90' lang='lat' dir='ltr'><strong>ille</strong></span> <span class='ocrx_word' id='word_1_276' title='bbox 329 3218 412 3266; x_wconf 73' lang='lat' dir='ltr'><strong>puer,</strong></span> <span class='ocrx_word' id='word_1_277' title='bbox 429 3201 548 3255; x_wconf 89' lang='lat' dir='ltr'><strong>crudelis</strong></span> <span class='ocrx_word' id='word_1_278' title='bbox 565 3205 597 3260; x_wconf 87' lang='lat' dir='ltr'><strong>tu</strong></span> <span class='ocrx_word' id='word_1_279' title='bbox 615 3218 731 3270; x_wconf 88' lang='lat' dir='ltr'><strong>quoque,</strong></span> <span class='ocrx_word' id='word_1_280' title='bbox 749 3206 848 3259; x_wconf 89' lang='lat' dir='ltr'><strong>mater.</strong></span> <span class='ocrx_word' id='word_1_281' title='bbox 934 3220 960 3259; x_wconf 83' lang='lat' dir='ltr'><strong>co</strong></span> 
     </span>
    </p>
   </div>
   <div class='ocr_carea' id='block_1_4' title="bbox 0 0 1133 3550">
    <p class='ocr_par' dir='ltr' id='par_1_10' title="bbox 0 0 1133 3550">
     <span class='ocr_line' id='line_1_42' title="bbox 0 0 1133 3550; baseline 0 0"><span class='ocrx_word' id='word_1_282' title='bbox 0 0 1133 3550; x_wconf 95' lang='lat' dir='ltr'><strong> </strong></span> 
     </span>
    </p>
   </div>
  </div>
 </body>
</html>
