2242 3550
92 169 106 210 2
325 163 356 213 Ρ.
375 164 529 212 VERGILI
547 163 713 212 MARONIS

92 244 230 308 Quantum
249 248 323 301 lenta
341 246 428 299 solent
445 245 518 298 inter
534 245 649 300 viburna
666 250 797 317 cupressi.

92 321 135 376 M.
156 324 192 377 llt
211 341 281 392 quae
300 328 378 378 tanta
396 322 449 375 fuit
468 322 582 374 Romam
600 324 652 376 tibi
670 343 765 381 caussa
782 327 913 382 videndi?

97 398 125 451 T.
144 399 285 465 Libertas;
304 417 373 468 quae
392 415 460 464 sera,
478 403 571 451 tamen
589 402 710 468 respexit
727 403 852 470 inertem,

94 475 244 529 Candidior
262 481 409 546 postquam
427 475 554 528 tondenti
571 475 656 528 barba
673 478 806 546 cadebat3

95 550 230 620 Respexit
251 557 350 619 tamen,
370 556 399 605 et
416 551 496 618 longo
510 555 577 618 'post
595 556 720 621 tempore
738 558 820 624 venit,
926 571 949 610 eo

96 627 245 697 Postquam
265 647 314 682 nos
336 627 480 694 Amaryllis
498 626 590 694 habet,
609 628 726 683 Galatea
743 633 861 702 reliquit.

95 704 227 773 Namque,
246 705 354 758 fatebor
372 704 451 768 enim,
471 702 537 755 dum
555 720 599 756 me
618 704 732 759 Galatea
749 709 869 777 tenebat,

96 781 153 835 Noc
171 799 233 851 spes
250 781 386 835 libertatis
405 784 472 846 orat,
491 797 540 833 nee
558 797 624 834 eura
641 782 737 850 peculi.

97 857 224 922 Quamvis
243 859 330 911 multa
348 857 416 910 meis
434 857 522 910 exiret
540 857 650 911 victima
668 860 777 928 saeptis,

97 933 208 1003 Pinguis
226 938 255 989 et
273 934 395 1004 ingratae
414 937 585 1002 premeretur
603 951 697 988 caseus
715 937 784 1006 urbi,
927 953 952 992 at

98 1011 158 1064 Non
171 1029 301 1081 umquam
314 1011 406 1079 gravis
419 1027 481 1063 aere
494 1009 604 1064 domum
618 1012 685 1065 mihi
697 1013 797 1068 dextra
808 1013 924 1068 redibat.

98 1087 138 1140 M.
159 1088 288 1155 Mirabar,
308 1087 375 1156 quid
393 1091 497 1140 maesta
517 1085 590 1155 deos,
612 1089 751 1158 Amarylli,
769 1108 888 1157 vocares,

98 1164 147 1217 Cui
166 1165 286 1234 pendere
305 1181 354 1218 sua
371 1163 505 1233 patereris
524 1163 552 1216 in
571 1164 668 1220 arbore
686 1185 782 1236 poma:

98 1240 206 1308 Tityrus
223 1242 285 1295 hinc
304 1242 406 1295 aberat.
446 1241 526 1308 Ipsae
544 1244 581 1306 te,
599 1242 699 1310 Tityre,
717 1245 805 1312 pinus,

100 1316 156 1385 Ipsi
174 1321 202 1370 te
220 1319 316 1383 fontes,
335 1317 394 1384 ipsa
411 1316 478 1368 haee
496 1315 609 1369 arbusta
626 1319 765 1374 vocabant.
929 1335 953 1372 ao

103 1393 132 1445 T.
151 1392 222 1456 Quid
240 1393 373 1445 faeereml
392 1407 481 1458 neque
500 1391 611 1444 servitio
630 1410 674 1447 me
692 1396 767 1448 exire
785 1395 893 1463 licebat,

99 1469 158 1523 Nec
175 1473 231 1522 tam
249 1467 400 1537 praesentis
419 1466 482 1518 alibi
500 1484 662 1533 cognoscere
680 1470 763 1524 diros.

101 1546 155 1599 Hic
172 1545 249 1598 illum
267 1543 323 1596 vidi
342 1543 473 1606 iuvenem,
494 1542 636 1612 Meliboee,
656 1547 817 1614 quotannis

101 1622 148 1675 Bis
166 1638 244 1675 senos
261 1621 304 1674 eui
323 1623 418 1673 nostra
437 1619 496 1672 dies
515 1619 612 1673 altaria
630 1621 743 1676 fumant.

102 1699 155 1752 Hic
172 1698 238 1750 mihi
257 1713 416 1765 responsum
436 1697 541 1764 primus
561 1695 640 1750 dedit
659 1697 705 1751 ille
722 1700 844 1767 petenti:
933 1717 956 1753 45

102 1774 216 1842 Pascite,
233 1777 265 1828 ut
283 1778 354 1840 ante,
373 1771 464 1836 boves,
483 1773 570 1840 pueri,
591 1773 745 1830 submittite
762 1779 862 1831 tauros.

100 1851 144 1906 M.
164 1852 313 1904 Fortunate
334 1866 424 1915 senex,
445 1865 510 1917 ergo
529 1852 578 1902 tua
597 1867 662 1902 rura
680 1851 836 1919 manebunt,

102 1929 138 1982 llt
155 1927 206 1981 tibi
224 1943 322 1994 magna
341 1924 414 1990 satis,
436 1925 559 1994 quamvis
578 1926 646 1994 lapis
665 1927 754 1980 omnia
770 1928 860 1982 nudus

102 2005 263 2073 Limosoque
281 2002 358 2072 palus
376 2002 494 2057 obducat
512 2020 611 2072 pascua
628 2003 723 2058 iunco!

102 2083 164 2136 Non
180 2082 287 2135 insueta
304 2081 394 2149 gravis
414 2081 589 2150 temptabunt
607 2081 708 2150 pabula
725 2081 804 2149 fetas,
936 2098 959 2134 a·

46 2175 51 2178 ·
103 2159 161 2212 Nee
178 2159 249 2212 mala
266 2158 347 2211 vieini
365 2158 470 2226 pecoris
491 2159 616 2225 contagia
633 2157 751 2211 laedent.

103 2235 253 2289 Fortunate
272 2250 362 2300 senex,
381 2234 433 2300 hie,
453 2235 525 2287 inter
544 2233 656 2287 flumina
673 2238 738 2288 nota

104 2311 140 2365 llt
155 2311 238 2364 fontis
257 2326 353 2375 saeros,
372 2310 459 2378 frigus
479 2309 602 2379 captabis
620 2309 752 2378 opaeum!

105 2388 175 2440 Hinc
193 2385 252 2452 tibi,
271 2402 341 2460 quae
361 2403 474 2456 semper,
494 2387 581 2439 vicino
602 2386 636 2439 ab
654 2386 750 2454 limite,
768 2402 863 2454 saepes

104 2463 235 2532 Hyblaeis
253 2461 350 2532 apibus
369 2462 464 2516 florem
483 2463 598 2532 depasta
616 2463 712 2530 salicti,
939 2480 962 2517 5⁵

105 2539 190 2609 Saepe
208 2539 261 2593 levi
278 2557 401 2593 somnum
422 2539 548 2593 suadebit
569 2540 638 2593 inire
658 2556 783 2604 susurr0;

105 2615 178 2671 Hine
195 2616 251 2670 alta
270 2615 319 2669 sub
338 2634 406 2684 rupe
427 2621 507 2670 canet
527 2616 671 2671 frondator
689 2616 726 2668 ad
743 2633 840 2681 auras;

106 2691 163 2747 Nee
180 2697 272 2747 tamen
290 2693 396 2746 interea
416 2709 521 2760 raucae,
542 2697 591 2748 tua
611 2711 683 2759 cirre,
704 2692 854 2763 palumbes,

106 2769 163 2824 Nec
181 2787 291 2838 gemere
309 2770 382 2823 aeria
403 2770 521 2823 cessabit
542 2775 635 2825 turtur
653 2771 687 2824 ab
706 2770 785 2824 ulmo.

110 2846 138 2900 Τ.
157 2849 232 2900 Ante
250 2847 322 2900 leves
342 2865 406 2916 erga
426 2851 572 2916 pascentur
588 2853 619 2901 'm
640 2849 752 2902 aethere
770 2847 851 2912 cervi,
944 2859 966 2897 oo

107 2924 143 2977 lit
160 2925 232 2978 freta
250 2927 404 2980 destituent
423 2925 511 2978 nudos
530 2925 557 2976 in
577 2925 657 2979 litore
675 2926 770 2994 pisces,

109 3001 189 3065 Ante,
208 3003 357 3070 pererratis
375 3006 516 3056 amborum
537 3001 644 3066 linibus,
664 3001 740 3055 exsul

112 3078 168 3120 nnn
189 3078 297 3130 Ararim
317 3078 434 3132 Parthus
452 3078 538 3142 bibet,
558 3082 606 3131 aut
626 3077 773 3131 Germania
791 3075 902 3144 Tigrim,

267 3158 307 3207 'ro
326 3155 396 3206 illius
414 3153 523 3206 labatur
542 3157 652 3221 pectore
671 3154 767 3206 voltus.

299 3230 356 3282 'tine
373 3228 419 3281 alii
437 3229 556 3284 sitientis
573 3229 674 3283 ibimus
693 3229 783 3295 Aluos,
943 3243 966 3282 oe
