2232 3556
115 146 161 193 300
343 138 372 185 P.
391 135 546 184 VERGILI
563 133 729 200 MARONIS

115 221 270 286 Quaerendi
289 219 381 284 nobis;
405 218 582 270 circumstant
600 215 721 284 undique
739 230 837 268 mures.

115 298 191 350 Imus
209 298 237 349 in
256 296 399 349 advorsos!
427 294 493 361 qnid
512 295 617 346 cessasl
643 309 677 344 an
695 291 747 344 tibi
765 291 877 344 Mavors

115 373 237 426 Ventosa
257 373 284 425 in
304 372 396 438 lingua
414 369 587 438 pedibusque
606 368 748 435 fugacibus
768 367 827 420 istis
929 370 965 412 391

115 450 228 517 Semper
248 449 318 502 eritl

116 525 212 578 Pulsus
232 526 301 592 egoi
326 528 374 577 aut
394 524 539 591 quisquam
558 521 665 588 merito,
680 520 844 587 foedissime,
860 519 970 586 pulsum

115 604 231 669 Argaei,
249 602 331 654 Iliaco
352 599 488 653 tumidum
507 599 554 667 qui
574 614 696 650 crescere
715 597 843 664 Thybrim

115 678 251 745 Sanguine
271 681 299 730 et
319 675 441 729 Euandri
460 679 547 728 totam
566 692 627 728 eum
647 673 732 741 stirpe
750 673 855 726 videbit

116 753 295 807 Procubuisse
315 753 433 820 domum,
452 756 534 819 atque
553 754 650 804 exutos
670 749 793 802 Arcadas
812 748 913 801 armisl
933 761 970 800 aas

116 830 200 882 Haud
218 831 257 882 ita
276 847 320 882 me
339 829 445 898 experti
464 828 552 880 Bitias
572 831 600 880 et
619 827 760 878 Pandarus
778 826 880 893 ingens,

99 906 152 970 ¹Et
173 922 240 974 quos
259 904 333 957 mille
353 904 397 956 die
416 904 502 956 victor
521 903 572 955 sub
591 903 705 954 Tartara
723 901 783 953 misi

117 981 241 1034 Inclusus
261 981 346 1032 muris
366 979 512 1046 hostilique
531 996 630 1046 aggere
650 982 768 1046 saeptus.

116 1057 219 1110 “Nulla
240 1057 312 1108 salus
330 1056 423 1108 bello.'’
462 1055 551 1122 Capiti
571 1072 636 1108 eane
655 1054 726 1116 talia
745 1053 864 1118 demens,

101 1133 255 1185 *Dardanio
275 1133 411 1200 rebusque
431 1133 492 1184 tuis.
530 1130 649 1182 Proinde
668 1131 758 1181 omnia
776 1143 873 1194 magno
933 1134 971 1173 ⁴⁰⁰

116 1210 158 1262 Ne
178 1228 253 1264 cessa
272 1210 384 1262 turbare
404 1213 487 1275 metu,
506 1212 590 1275 atque
609 1207 740 1259 extollere
760 1205 823 1257 viris

117 1286 212 1339 Gentis
229 1287 272 1339 bis
290 1288 384 1352 vietae,
403 1289 499 1338 contra
516 1300 639 1350 premere
658 1299 733 1334 arma
752 1279 850 1334 Latini.

117 1363 141 1414 N
144 1380 196 1415 une
204 1367 232 1415 et
241 1363 443 1430 Myrmidonum
451 1377 579 1428 proceres
589 1359 705 1427 Phrygia
714 1375 790 1410 arma
799 1359 968 1410 tremescunt

117 1439 195 1492 Nune
213 1442 241 1492 et
261 1439 377 1505 Tydides
396 1442 424 1490 01
444 1437 601 1489 Larissaeus
622 1435 749 1499 Achilles,

118 1516 214 1568 Amnis
233 1519 262 1568 et
283 1515 435 1566 Hadriacas
454 1517 528 1565 retro
546 1511 618 1578 fugit
637 1511 753 1564 Aufidus
768 1509 863 1562 undas.
934 1521 971 1558 soe

117 1590 170 1643 Vel
189 1608 249 1643 cum
268 1607 297 1642 se
315 1589 444 1657 pavidum
464 1593 559 1641 contra
578 1605 638 1640 mea
656 1587 745 1654 iurgia
763 1586 842 1653 fingit

118 1666 240 1719 Artificis
259 1667 354 1732 scelus,
374 1668 402 1717 01
420 1663 564 1716 formidine
583 1664 685 1716 crimen
703 1663 818 1716 acerbat.

118 1741 273 1808 Numquam
286 1741 403 1792 animam
416 1740 499 1792 talem
513 1739 613 1792 dextra
625 1739 813 1792 hae-absiste
825 1734 970 1789 moveri-

119 1818 253 1882 Amittes;
273 1816 380 1869 habitet
399 1819 496 1882 tecum,
516 1820 545 1868 et
564 1817 599 1868 sit
617 1820 728 1884 pectore
747 1815 774 1867 in
793 1815 853 1867 isto.

117 1893 142 1944 N
145 1911 196 1946 unc
210 1894 244 1945 ad
257 1897 294 1959 te,
308 1896 336 1945 et
350 1896 398 1945 tua
410 1909 514 1958 magna,
526 1896 613 1960 pater,
627 1891 751 1944 consulta
762 1894 891 1943 revertor.
932 1904 971 1942 no

117 1968 145 2021 Si
164 1969 264 2022 nullam
285 1969 384 2020 nostris
403 1968 476 2020 ultra
495 1985 570 2036 spem
588 1968 667 2036 ponis
685 1967 712 2020 in
731 1967 819 2031 armis,

117 2044 145 2097 Si
163 2048 220 2097 tam
240 2044 343 2096 deserti
364 2061 463 2110 snmus,
483 2048 512 2097 et
530 2044 613 2097 semel
632 2045 738 2110 agmine
757 2059 833 2095 verso

118 2119 256 2172 Funditus
277 2120 432 2186 occidimus,
451 2137 540 2187 noque
558 2119 641 2172 habet
660 2120 780 2172 Fortuna
799 2134 961 2186 regressum,

118 2194 233 2248 Oramus
252 2213 353 2263 paoem,
374 2199 401 2248 et
421 2196 533 2248 dextras
551 2195 696 2248 tendamus
714 2196 830 2248 inermis.

118 2270 288 2338 Quamquam
307 2289 322 2323 o
342 2272 364 2323 si
383 2272 479 2324 solitae
498 2272 643 2340 quicquam
661 2271 771 2323 virtutis
790 2273 913 2324 adesset!
933 2285 971 2324 415

119 2346 176 2413 1110Ι
187 2347 252 2398 1111111
272 2351 335 2399 ante
355 2348 420 2399 alios
439 2346 648 2414 fortunatusque
667 2347 789 2399 laborum

119 2422 305 2488 Egregiusque
324 2423 413 2488 animi,
433 2423 487 2490 qui,
505 2440 540 2475 ne
559 2423 626 2490 quid
644 2423 699 2476 talc
717 2423 830 2490 videret,

120 2497 268 2549 Procubuit
287 2499 413 2564 moriens,
433 2502 461 2550 et
479 2499 591 2550 humum
610 2498 693 2551 semel
712 2516 758 2551 oro
777 2498 930 2552 momordit.

118 2572 165 2625 Sin
185 2576 213 2626 et
232 2590 296 2642 opes
315 2573 392 2626 nobis
411 2578 439 2626 et
457 2575 545 2626 adhue
563 2575 666 2628 intacta
684 2575 817 2641 iuventus,

119 2649 285 2718 Auxilioque
303 2650 385 2703 urbes
406 2650 493 2703 Italae
511 2651 657 2719 populique
677 2653 830 2719 supersunt,
934 2664 973 2703 420

119 2724 165 2776 sin
184 2728 212 2778 et
233 2726 354 2778 Troianis
373 2744 433 2779 cum
452 2727 539 2779 multo
556 2727 644 2794 gloria
661 2728 734 2780 venit

119 2799 368 2868 Sanguinez-sunt
386 2802 439 2854 illis
458 2819 506 2854 sua
524 2803 626 2871 funera,
644 2821 748 2872 parque
765 2819 814 2871 per
832 2801 920 2854 omnis

119 2875 360 2944 Tempestas-cur
378 2878 519 2930 indecores
537 2879 565 2931 in
582 2879 674 2932 limine
692 2879 780 2948 primo

120 2949 283 3006 Defieimusl
309 2971 356 3006 our
376 2957 440 3006 ante
459 2953 553 3006 tubam
571 2959 674 3008 tremor
693 2957 807 3018 occupat
824 2953 918 3006 artusl

120 3025 208 3079 Multa
226 3028 285 3081 dies
303 3031 425 3096 variique
443 3029 520 3082 labor
538 3031 676 3083 mutabilis
694 3030 753 3082 aevi
935 3043 973 3083 ms

120 3100 245 3156 Rettulit·
259 3105 286 3155 in
306 3105 417 3168 melius:
436 3105 535 3158 multos
554 3106 659 3158 alterna
677 3107 798 3158 revisens

120 3173 199 3228 Lusit
216 3181 245 3230 et
262 3179 290 3230 in
309 3181 394 3232 solido
412 3196 506 3231 rursus
526 3181 648 3233 Fortuna
664 3180 777 3234 locavit.
