2232 3556
386 148 460 196 AEN
465 147 573 196 EIDOS
589 148 659 196 LIB.
677 149 743 196 xii.
951 155 996 206 327

141 229 320 296 Transadigit
338 232 428 282 costas
447 232 476 282 et
494 229 578 282 cratis
596 229 716 297 pectoris
734 245 845 293 ensem„

141 307 250 360 Turnus
268 322 339 374 equo
357 305 495 358 deiectum
515 307 648 372 Amycum
667 305 837 374 fratremque
856 307 976 372 Diorem‚

143 383 313 450 Congressus
331 381 423 450 pedes,
443 381 514 434 huno
532 381 686 434 venientem
705 382 817 449 cuspide
835 383 922 451 louge„
962 399 998 438 010

144 459 225 512 Hune
244 474 372 510 mucrone
390 458 455 510 ferit
473 473 609 524 curruque
628 456 733 510 abscisa
752 457 868 511 duorum

142 534 291 602 Suspendit
310 534 406 602 capita,
426 537 455 587 et
472 534 594 586 rorantia
612 534 742 602 sanguine
761 539 859 602 portat.

143 613 195 666 Ille
213 611 297 664 Talon
316 611 482 680 Tanaimque
499 609 559 662 neci
577 610 732 679 fortemque
753 611 913 681 Cethegum,

142 689 201 741 'Fris
219 704 273 741 uuo
291 703 444 755 congressu,
463 690 491 740 et
509 691 643 740 maestum
662 688 750 741 mittit
770 687 880 757 Oniten,

142 764 258 819 Nomine
276 764 436 832 Echionium
454 763 604 832 matrisque
622 781 707 831 genus
727 765 871 830 Peridiae,
964 782 1000 820 51⁵

142 840 196 896 Hic
213 842 312 894 fratres
332 840 413 908 Lycia
430 841 526 893 missos
544 845 573 893 et
592 840 727 908 Apollinis
745 841 825 909 agris,

141 917 177 972 Et
195 917 319 970 iuvenem
337 933 449 970 exosun
467 917 632 984 nequiquam
651 916 722 969 bella
743 917 897 984 Menoeten,

142 994 258 1060 Arcada,
277 993 400 1062 piscosae
419 993 462 1046 cui
481 993 583 1046 circum
602 992 716 1046 flumina
735 993 842 1048 Lernae

142 1074 195 1124 Ars
212 1071 304 1123 fuerat
321 1086 479 1138 pauperque
498 1069 602 1136 domus,
620 1086 671 1122 nec
689 1074 754 1123 nota
773 1074 915 1138 potentum

140 1146 263 1212 Munera,
282 1145 471 1212 conductaque
488 1148 569 1214 pater
586 1145 685 1198 tellure
704 1146 820 1200 serebat.
963 1163 999 1201 sao

141 1225 183 1276 Ac
200 1223 275 1276 velut
292 1222 396 1274 inmissi
416 1221 532 1274 diversis
549 1220 673 1289 partibus
690 1222 767 1289 ignes

140 1301 276 1354 Arentem
293 1299 320 1351 in
339 1298 434 1351 silvam
451 1301 480 1352 ct
498 1297 617 1365 virgulta
634 1298 757 1352 sonantia
774 1298 863 1354 lauro:

141 1379 201 1429 Aut
218 1375 266 1428 ubi
284 1375 402 1428 decursu
420 1375 516 1442 rapido
536 1375 571 1427 de
590 1374 729 1428 montibus
748 1375 811 1428 altis

141 1448 215 1505 Dant
234 1453 352 1505 sonitum
372 1451 491 1520 spumosi
510 1467 612 1518 amnes,
632 1451 707 1505 etin
726 1469 845 1520 aequora
862 1456 976 1506 currunt

142 1527 263 1596 Quisque
281 1520 359 1581 suum
377 1527 523 1596 populatus
541 1528 609 1581 iter:
628 1544 681 1580 non
700 1528 811 1596 segnius
830 1528 910 1582 ambo
962 1519 998 1583 sas

141 1607 250 1658 Aeneas
269 1604 430 1673 Turnusque
448 1607 533 1657 ruunt
551 1621 601 1672 per
618 1603 737 1672 proelia;
756 1621 834 1672 nunc,
853 1622 924 1659 nunc

141 1681 270 1734 Eluctuat
288 1681 330 1734 ira
347 1681 435 1734 intus:
455 1684 620 1748 rumpuntur
639 1680 728 1734 nescia
747 1681 817 1734 vinci

142 1757 271 1821 Pectora;
288 1773 360 1810 nunc
378 1757 445 1809 totis
463 1757 491 1809 in
509 1757 620 1809 volnera
637 1757 741 1810 viribus
759 1759 822 1811 itur.

141 1833 302 1886 Murranum
319 1833 371 1897 hic,
391 1835 484 1884 atavos
503 1835 532 1883 et
550 1848 662 1884 avorum
680 1834 793 1900 antiqua
812 1838 952 1888 sonantem

142 1909 167 1960 N
169 1909 267 1973 omina,
278 1923 329 1974 per
341 1921 475 1971 regesque
488 1908 578 1957 actum
591 1922 677 1972 genus
689 1901 769 1960 omne
782 1907 901 1976 Latinos,
962 1925 998 1964 000

143 1982 325 2050 Praecipitem
344 1979 453 2047 scopulo
471 1983 555 2046 atque
573 1981 691 2047 ingentis
711 1982 822 2036 turbine
840 1985 898 2037 saxi

143 2057 262 2121 Excutit,
281 2055 452 2122 effunditque
471 2054 527 2108 solo
537 2075 543 2119 ;
561 2055 633 2108 hunc
652 2055 710 2109 lora
729 2061 757 2110 et
775 2059 839 2126 iuga
856 2061 952 2114 subter

143 2134 306 2188 Provolvero
324 2135 415 2195 rota·e;
434 2130 530 2184 crebro
549 2148 631 2198 super
649 2133 750 2199 ungula
768 2134 848 2202 pulsu

144 2211 232 2265 incita
250 2227 300 2262 uec
319 2207 421 2261 domini
440 2224 591 2261 memorum
610 2208 749 2276 proculcat
767 2227 904 2277 equorum

145 2288 194 2341 Illo
212 2286 303 2339 ruenti
324 2284 406 2353 Hyllo
425 2283 578 2352 animisque
596 2284 704 2336 inmane
722 2284 850 2339 frementi
962 2303 998 2342 scs

143 2363 276 2428 Occurrit,
295 2362 435 2429 telumque
453 2364 549 2414 aurata
568 2360 603 2413 ad
620 2363 745 2428 tempora
763 2366 886 2430 torquet:

144 2440 197 2492 Olli
215 2457 264 2508 per
281 2439 386 2506 galeam
405 2438 459 2490 fixo
478 2437 557 2490 stetit
575 2437 655 2489 hasta
674 2437 792 2491 cerebro.

145 2517 265 2570 Dextera
283 2533 332 2568 nec
351 2519 399 2567 tua
416 2519 452 2580 tc,
474 2513 586 2566 Graium
605 2512 762 2583 fortissime,
781 2516 908 2584 Cretheu,

143 2593 251 2661 Eripuit
270 2592 374 2656 Tumo;
392 2608 442 2644 nec
461 2589 490 2643 di
509 2594 604 2644 texere
625 2590 789 2660 Cupencum,

145 2671 241 2723 Acuca
259 2668 391 2732 veniente,
411 2668 468 2732 sui,
487 2667 565 2720 dedit
584 2666 664 2720 obvia
681 2667 753 2720 ferro
962 2686 999 2724 sco

146 2745 266 2814 Pectora,
284 2762 335 2798 nec
354 2745 453 2797 misero
473 2742 553 2812 clipei
572 2760 648 2796 mora
667 2744 771 2812 profuit
789 2745 870 2799 aerei.

145 2821 182 2875 Te
200 2839 308 2890 quoque
327 2821 478 2874 Laurentes
496 2819 632 2887 viderunt,
651 2821 745 2888 Aeolo,
765 2823 852 2890 campi

146 2899 283 2966 Oppetere
302 2901 331 2951 ct
348 2898 404 2951 late
422 2901 524 2950 terram
543 2900 717 2950 consternere
736 2901 826 2964 ter-gc,

146 2975 261 3042 Occidis,
281 2974 401 3042 Argivae
421 2991 501 3042 quem
519 2991 572 3026 non
590 2979 706 3042 potuere
725 2973 872 3042 phalanges

146 3049 281 3118 Sternere,
299 3068 349 3104 nec
368 3050 468 3104 Priami
486 3067 631 3118 regnorum
651 3066 760 3103 eversor
779 3050 915 3116 Achilles;
962 3067 999 3107 000

147 3126 200 3181 Η10
217 3127 269 3180 tibi
287 3127 383 3181 moitis
402 3130 480 3180 erant
498 3131 595 3194 metae,
615 3127 711 3180 domus
730 3128 785 3181 alta
803 3127 854 3181 sub
874 3127 933 3194 Ida,

147 3203 259 3268 Lyrnesi
276 3203 373 3257 domus
391 3203 455 3270 alta,
474 3203 530 3256 solo
549 3202 688 3256 Laurente
705 3204 884 3274 sepulchrum.
