2232 3556
101 152 158 200 320.
328 150 358 200 P.
371 149 522 198 VERGlLI
540 144 705 202 MARONIS

103 231 163 285 Non
181 232 275 300 pudet,
294 248 310 286 o
329 231 432 296 Rutuli,
450 248 500 299 pro
518 231 622 284 cunetis
640 227 740 282 talibus
758 243 839 281 unam

96 306 248 362 ¹Obiectare
267 308 402 361 unimaml
421 324 569 360 nurnerone
588 323 622 358 an
640 304 743 358 viribus
761 303 841 371 aequi
916 317 954 356 rso

102 383 164 436 Non
177 385 288 438 sunrusl
325 385 373 450 lln,
385 400 478 437 omnes
491 387 520 437 et
533 384 616 436 Troes
629 385 658 435 et
672 380 795 434 Arcades
806 379 834 432 hi
847 382 919 444 sunt,

104 461 260 530 Fatalisque
278 477 382 528 manus,
400 461 506 514 infensa
524 460 635 514 Etruria
654 459 749 512 Turno.

103 537 158 589 Vix
176 537 290 603 hostem,
309 537 407 591 alterni
426 537 449 590 si
465 537 682 604 congrediamur,
701 535 839 587 habemus.

105 614 155 666 Ille
174 614 285 682 quidem
303 614 340 667 ad
358 629 479 681 superos,
498 629 614 682 quorum
633 629 662 664 se
681 611 797 664 devovet
809 610 871 669 aris.

103 690 237 744 Succedet
255 691 335 753 lama,
353 691 487 758 vivusque
505 706 555 758 per
574 706 622 741 ora
640 689 761 752 feretur3
917 701 956 740 235

103 765 167 832 Nos,
186 765 275 833 patria
293 766 399 830 amissa,
420 765 536 817 dominis
554 781 653 833 parere
671 762 796 831 superbis

103 843 244 910 Cogemur,
262 843 309 910 qui
328 859 400 895 nunc
416 842 484 894 lenti
501 841 673 893 consedimus
690 839 770 892 arvis.

103 919 213 973 Talibus
230 919 340 972 incensa
358 922 400 971 est
418 918 547 970 iuvenum
566 917 703 970 sententia
720 915 802 968 dictis

104 995 163 1049 Iam
176 995 263 1063 magis
275 998 359 1062 atque
373 994 467 1062 magis,
480 994 621 1061 serpitque
633 1010 683 1061 per
694 991 803 1059 agmina
815 1006 955 1056 murmur;

104 1072 161 1140 Ipsi
180 1071 331 1124 Laurentes
349 1071 449 1124 mutati
467 1070 573 1138 ipsique
591 1069 691 1122 Latini.
917 1081 956 1120 aro

104 1147 155 1212 Qui
174 1147 226 1201 sibi
244 1147 298 1200 iarn
316 1146 440 1216 requiem
458 1163 566 1214 pugnae
583 1145 721 1213 rebusque
739 1144 855 1197 salutern

103 1223 265 1292 Sperabant,
283 1240 354 1276 nunc
372 1239 448 1275 arma
466 1223 566 1286 volunt,
585 1222 736 1290 foedusque
753 1222 902 1288 precantur

105 1300 248 1366 Insertum,
266 1304 295 1354 et
314 1299 398 1352 Turni
417 1303 519 1352 sortem
537 1299 704 1351 miserantur
720 1296 849 1364 iniquam.

104 1377 157 1430 His
175 1375 250 1429 aliud
268 1377 356 1430 maius
375 1376 492 1429 Iuturna
509 1375 642 1442 adiungit,
660 1377 689 1427 et
707 1374 763 1426 alto

104 1453 159 1506 Dat
177 1453 284 1521 signum
302 1452 384 1519 caelo,
403 1470 457 1521 quo
474 1470 528 1506 non
546 1451 717 1520 praesentius
734 1450 820 1502 ullum
918 1463 956 1501 am

104 1529 237 1582 Turbavit
254 1533 360 1582 mentes
379 1529 472 1594 Italas,
491 1532 668 1596 monstroque
685 1527 789 1580 fefellit.

104 1605 230 1673 Namque
248 1605 341 1658 volans
359 1604 444 1658 rubra
461 1605 551 1657 fulvus
570 1604 644 1657 Iovis
662 1603 719 1656 ales
737 1603 764 1654 in
783 1601 880 1654 aotlrra

105 1681 229 1734 Litoreas
247 1681 371 1748 agitabat
388 1697 452 1734 aves
470 1680 634 1748 turbamque
653 1683 793 1732 sonantem

105 1757 231 1825 Agminis
249 1757 360 1824 aligeri:
378 1756 468 1810 subito
487 1773 549 1810 eum
566 1757 658 1826 lapsus
676 1756 712 1808 ad
730 1755 817 1808 undas
908 1773 912 1782 ·

105 1834 224 1903 Cycnum
242 1834 423 1888 excellentem
441 1833 559 1902 pedibus
577 1834 649 1902 rapit
667 1832 799 1900 inprobus
817 1829 900 1883 uncis.
917 1844 957 1883 aso

106 1913 245 1964 Arrexere
263 1911 365 1964 animos
385 1911 456 1975 Itali,
475 1913 642 1978 cunctaeque
659 1909 782 1962 volueres

105 1987 275 2041 Convertunt
293 1987 411 2040 clamore
429 1986 528 2054 fugam,
546 1985 671 2038 mirabile
689 1985 756 2050 visu,

66 2065 69 2068 ’
106 2064 284 2132 Aetheraque
303 2063 450 2116 obscurant
467 2063 572 2130 pennis,
591 2062 753 2129 hostemque
772 2077 821 2129 per
838 2074 918 2112 auras

106 2140 189 2193 Facta
206 2139 280 2193 nube
297 2142 434 2207 premunt,
453 2138 539 2190 donec
557 2138 583 2190 vi
602 2138 690 2190 victus
709 2140 738 2189 et
755 2137 813 2204 ipso

107 2216 232 2270 Pondere
250 2216 358 2282 defecit,
377 2214 563 2283 praedamque
582 2231 616 2266 ex
634 2213 771 2281 rmguibus
789 2212 845 2265 ales
918 2227 957 2267 255

108 2293 225 2346 Proiecit
243 2292 331 2358 fluvio,
350 2292 515 2360 penitusque
533 2291 561 2342 in
578 2289 671 2343 nubila
687 2290 765 2357 sugit.

106 2370 174 2422 'lum
193 2385 256 2422 vero
275 2368 417 2436 augurium
438 2367 534 2420 Rutuli
552 2367 670 2419 clamore
688 2366 816 2431 salutant,

107 2445 319 2513 Expediuntque
337 2461 450 2508 rnanus;
467 2445 626 2512 primusque
645 2441 803 2494 Tolumnius
820 2456 914 2508 augur,

109 2521 167 2574 Hoc
186 2524 252 2586 erat,
272 2520 329 2585 hoc,
348 2521 425 2586 rotie,
445 2519 542 2587 inquit,
561 2519 635 2586 quod
653 2535 735 2585 saepe
753 2516 845 2584 petivi.

108 2597 227 2665 Accipio,
246 2597 437 2665 adgnoscoque
455 2597 538 2660 deos;
555 2612 607 2661 mc,
625 2611 669 2647 me
688 2595 757 2647 duce
774 2593 877 2646 ferrum
920 2607 958 2645 ass

108 2673 252 2742 corripite,
272 2691 287 2725 o
306 2674 406 2740 miseri,
425 2689 493 2740 quos
511 2671 641 2740 inprobus
659 2671 764 2723 advena
781 2667 852 2721 bello

107 2749 235 2813 Territat,
255 2749 388 2802 invalidas
406 2753 437 2802 ut
455 2765 525 2812 aves,
544 2751 573 2801 et
591 2748 672 2801 litora
690 2750 783 2800 vestra

111 2823 144 2876 Vi
163 2825 284 2893 populat.
322 2826 403 2878 Petet
421 2825 467 2877 ille
485 2825 585 2891 fugam,
603 2824 768 2892 penitusque
786 2819 923 2890 profundo

112 2900 178 2953 Vela
196 2899 279 2953 dabit.
316 2900 373 2952 Vos
391 2899 511 2953 unanimi
529 2899 644 2952 densate
662 2901 792 2964 catervas,

109 2975 145 3028 Et
163 2991 256 3042 regem
275 2975 353 3028 vobis
364 2992 461 3044 ‚pugna
480 2974 621 3028 defendite
640 2977 756 3041 raptum.
920 2987 960 3026 aas

109 3048 194 3115 Dixit,
213 3056 242 3103 et
260 3051 389 3103 adversos
407 3051 492 3104 telum
511 3051 642 3103 contorsit
660 3050 687 3102 in
705 3049 792 3103 hostis

110 3122 289 3190 Procurrens;
308 3128 425 3179 sonitum
445 3126 494 3178 dat
512 3126 628 3179 stridula
646 3142 751 3193 cornus,
770 3129 799 3179 et
815 3140 897 3178 auras

110 3198 192 3252 Certa
204 3207 285 3253 secat.
322 3201 406 3256 Simul
419 3201 476 3267 hoc,
489 3201 568 3254 simul
580 3202 678 3268 ingens
689 3201 798 3270 clamor,
809 3204 839 3255 et
850 3216 948 3256 omnes
