2232 3556
117 123 164 176 272
345 123 373 170 P.
393 121 548 170 VERGILI
566 122 733 170 Minonis

116 201 243 270 Namque
260 201 355 254 ferunt
376 201 452 254 luctu
474 201 594 268 Cycnum
615 199 794 256 Phaethontis
813 198 906 264 aurati,

117 277 250 345 Populeas
271 277 346 330 inter
364 277 475 330 frondes
496 277 676 344 umbramque
698 291 820 330 sororum
932 291 970 330 rso

116 352 187 405 Dum
209 352 283 406 canit
300 357 329 406 et
349 358 484 406 maestum
505 353 586 405 Musa
605 351 709 406 solatur
728 367 855 418 amorem,

116 429 266 484 Canentem
285 429 359 483 molli
378 431 471 498 pluma
487 428 598 482 duxisse
615 431 760 494 senectam,

116 505 299 574 Linquentem
319 509 408 559 terras
428 509 457 559 et
476 505 567 558 sidera
586 521 652 558 voce
673 507 839 572 sequentem.

117 580 209 650 Filius,
229 583 350 651 aequalis
371 583 518 635 comitatus
540 581 627 634 classe
648 583 780 646 catervas,

116 658 261 726 Ingentem
283 659 365 712 rearis
387 657 554 712 Centaurum
574 659 729 724 promovet:
754 655 799 710 ille
935 655 971 694 1⁹⁵

117 733 207 788 instat
226 752 315 804 aquae
333 751 485 803 sanamque
505 733 587 786 undis
606 732 714 786 inmane
734 733 854 786 minatur

116 810 236 878 Arduus,
256 815 285 864 et
304 811 383 878 longa
402 811 489 864 sulcat
510 809 596 864 maria
615 809 672 862 alta
693 809 792 862 carina

150 886 202 940 Ille
222 888 304 940 etiam
323 887 420 956 patriis
441 903 538 954 agmen
558 886 613 938 ciet
633 884 724 938 Ocnus
744 884 780 938 ab
801 885 863 955 oris,

115 959 255 1016 Fatidicae
277 964 389 1016 Mantus
409 967 437 1016 et
450 963 529 1016 Tusci
551 962 623 1014 filius
643 961 739 1029 amnis,

116 1037 168 1102 Qui
187 1055 279 1092 muros
300 1039 450 1106 matrisque
470 1038 549 1091 dedit
569 1036 629 1106 tibi,
650 1037 773 1101 Mantua,
794 1053 900 1104 nomen,
929 1053 968 1092 100

115 1114 237 1182 Mantua,
257 1115 334 1168 dives
355 1116 430 1178 avis;
455 1115 504 1168 sod
524 1130 579 1166 non
597 1129 684 1180 genus
703 1113 828 1168 omnibus
847 1129 947 1168 unum:

115 1191 188 1244 Gens
206 1192 245 1244 iili
265 1191 373 1259 triplex,
393 1191 485 1260 populi
505 1189 555 1243 sub
574 1194 657 1257 gente
677 1189 821 1256 quaterni;

116 1267 179 1336 Ipsa
199 1271 282 1336 caput
299 1268 423 1336 populis;
448 1267 534 1320 Tusco
555 1265 590 1318 de
612 1265 743 1332 sauguine
762 1267 839 1320 vires

116 1343 187 1396 Hinc
206 1361 315 1411 quoque
334 1343 498 1410 quingentos
517 1341 544 1394 in
564 1357 594 1394 se
614 1340 768 1393 Mezentius
787 1345 884 1408 armat,

115 1419 188 1482 Quos
209 1423 288 1488 patre
311 1420 417 1472 Benaco
437 1418 544 1472 velatus
563 1416 696 1470 arundine
716 1417 811 1484 glauca
929 1433 967 1473 aaa

115 1495 230 1548 Mincius
247 1495 347 1548 infesta
366 1493 484 1547 ducebat
502 1494 530 1546 in
550 1509 669 1561 aequora
690 1492 762 1561 pinu.

116 1572 143 1624 lt
160 1571 250 1639 gravis
273 1571 408 1634 Aulestes,
430 1572 601 1637 centenaque
621 1569 719 1622 arbore
741 1569 852 1626 fluctum

116 1646 251 1699 Verberat
271 1647 436 1713 adsurgens3
460 1650 589 1713 spumant
608 1645 679 1700 vada
697 1661 832 1700 marmore
853 1662 939 1700 verso.

117 1722 196 1774 liunc
216 1721 291 1774 vehit
306 1721 421 1774 inmanis
442 1722 537 1774 Triton
556 1726 585 1776 et
602 1722 711 1776 caerula
726 1722 827 1776 concha

116 1798 262 1852 Nxterrens
280 1797 365 1862 freta;
390 1798 432 1852 cui
452 1797 569 1850 laterum
589 1801 670 1852 tenus
689 1797 798 1866 hispida
815 1804 892 1852 nanti
928 1815 968 1854 alo

117 1875 201 1927 Frons
220 1874 357 1928 hominem
378 1875 507 1943 praefert,
528 1875 557 1926 in
574 1875 682 1942 pristim
703 1875 804 1928 desinit
825 1875 917 1940 alvim3

114 1952 231 2018 Spumea
250 1951 377 2004 semifero
398 1950 450 2004 sub
470 1954 583 2018 pectore
605 1955 759 2004 murmurat
779 1952 859 2005 unda.

148 2027 199 2081 Tot
219 2027 284 2081 lecti
303 2044 429 2096 proceres
450 2031 495 2080 ter
516 2026 594 2080 denis
615 2027 728 2080 navibus
748 2028 826 2081 ibant

113 2103 240 2157 Subsidio
262 2105 363 2170 Troiae,
381 2108 410 2157 et
431 2120 539 2172 campos
559 2103 622 2156 salis
642 2120 705 2156 aere
725 2103 859 2158 secabant.

149 2180 263 2249 Iamque
284 2180 343 2233 dies
361 2180 435 2234 caclo
451 2183 630 2246 concesserat,
651 2179 777 2247 almaque
799 2197 880 2233 curru
928 2196 966 2236 21⁵

114 2256 264 2324 Noctivago
286 2256 395 2310 Phoebe
414 2255 535 2310 medium
556 2255 683 2324 pulsabat
702 2256 860 2324 Olympum:

115 2335 347 2400 Aeneas-neque
366 2333 439 2385 enim
457 2333 588 2385 membris
608 2332 658 2386 dat
677 2349 742 2386 cura
764 2334 922 2400 quietem-

116 2409 179 2476 lpse
199 2408 298 2461 sedens
318 2409 479 2475 clavumque
500 2409 573 2476 regit
593 2409 715 2477 velisque
736 2409 879 2462 ministrat

116 2488 209 2553 Atque
230 2484 270 2538 illi
287 2484 378 2536 medio
399 2484 427 2536 11
446 2485 534 2552 spatio
557 2486 662 2552 chorus,
679 2502 749 2553 ecce,
767 2501 876 2538 suarum

113 2560 239 2614 Occurrit
258 2560 404 2614 comitum:
430 2560 580 2628 Nymphae,
601 2578 669 2628 quas
688 2561 759 2614 alma
779 2559 888 2628 Cybebe
927 2576 965 2614 aaa

114 2637 222 2690 Numen
241 2635 342 2689 habere
363 2636 445 2689 maris
467 2636 661 2704 Nymphasque
682 2654 698 2690 e
718 2636 832 2690 navibus
851 2653 914 2693 esse.

115 2713 243 2776 Iusserat,
264 2712 395 2766 innabant
415 2711 522 2780 pariter
541 2711 693 2780 fluctusque
712 2713 847 2777 secabant,

114 2789 186 2852 Quot
206 2788 282 2855 prius
304 2791 413 2840 aeratae
428 2790 569 2840 steterant
588 2788 625 2840 ad
645 2789 726 2841 litora
745 2805 849 2856 prorae.

115 2863 294 2930 adgnoscunt
315 2863 395 2930 longe
413 2879 515 2928 regem,
537 2863 709 2930 lustrantque
728 2864 839 2918 choreis.

114 2937 233 2999 Quarum
253 2954 323 3003 quae
343 2937 418 2990 fandi
441 2937 599 2989 doctissima
624 2937 798 3005 Cymodocea,
925 2957 962 2996 aar

114 3011 187 3063 Pone
206 3029 322 3080 sequens
343 3014 442 3065 dextra
460 3012 573 3079 puppim
593 3015 677 3078 tenet,
696 3013 810 3081 ipsaque
827 3014 909 3068 dorso

113 3083 227 3148 Eminet,
248 3103 279 3139 ac
298 3087 375 3141 laeva
396 3087 488 3140 tacitis
509 3085 677 3154 subremigat
698 3088 785 3142 undis.

113 3156 181 3210 'Num
201 3159 240 3211 sic
257 3161 382 3227 ignamm
402 3161 571 3228 adloquiturt
596 3161 742 3230 vigilasne,
764 3165 845 3220 deum
865 3181 942 3234 gens.
