2274 3554
416 131 624 181 GECRGICON
641 133 710 182 LIB.
730 132 780 182 IV.
1000 131 1030 182 75

171 211 289 268 Carrula
307 229 388 282 quam
406 213 488 279 tignis
506 213 601 266 nidum
619 213 769 282 suspendat
786 211 909 268 hirundo.

172 289 285 343 Interea
302 289 404 343 tenoris
423 289 576 356 tepefactus
593 290 621 342 in
640 288 744 342 ossibus
762 289 859 342 humor

172 369 300 432 Aestuat,
318 371 347 419 et
365 365 477 418 visenda
495 365 583 418 modis
602 365 729 418 animalia
746 365 828 430 miris,

169 444 277 496 Trunca
293 441 395 510 pedum
413 443 510 510 primo,
529 459 593 495 mox
611 447 640 496 et
659 441 804 495 stridentia
820 443 923 509 pennis,
993 455 1030 496 alo

172 519 327 586 Miscentur,
346 523 510 587 tenuemque
529 519 615 586 magis
633 519 719 585 magis
738 535 802 570 aera
819 521 941 586 carpunt,

174 597 273 660 ilonea,
291 602 322 650 ut
340 596 450 649 aestivis
472 594 572 648 effusus
591 595 708 648 nubibus
726 593 821 660 imber,

174 673 302 742 llrupere,
322 677 370 726 aut
388 677 427 740 ut,
447 688 531 725 nervo
550 672 683 740 pulsante,
703 672 825 739 sagittae,

173 748 263 803 Prima
280 751 354 803 leves
373 750 469 802 ineunt
488 749 510 801 si
532 747 641 816 quando
660 748 762 817 proelia
782 746 885 800 Parthi.

206 826 271 890 Quis
285 825 353 879 deus
366 826 442 889 hane,
457 826 561 892 Musae,
574 826 635 893 quis
648 825 726 878 nobis
740 825 850 878 extudit
862 827 968 878 artemi
990 837 1028 878 alt

172 902 252 956 Unde
270 919 338 956 nora
357 903 495 970 ingressus
515 902 653 955 hominum
673 901 843 970 experientia
860 901 950 965 cepitl

172 976 269 1031 Pastor
289 980 433 1032 Aristaeus
452 979 559 1046 fugiens
579 978 679 1032 Peneia
698 977 807 1044 Tempe,

174 1055 295 1121 danais,
315 1059 346 1108 ut
364 1056 443 1124 fama,
464 1055 560 1123 apibus
578 1053 728 1123 morboque
746 1053 880 1120 fameque,

170 1127 266 1184 Tristis
285 1131 322 1184 ad
340 1133 455 1185 extremi
476 1147 581 1184 sacrum
599 1134 681 1196 caput
699 1129 807 1181 adstitit
825 1129 919 1194 amnis,

173 1207 258 1260 Multa
278 1213 507 1276 querenspatque
525 1207 575 1260 hac
593 1205 701 1259 adfatus
720 1221 784 1257 voce
803 1209 958 1271 parentem:
992 1216 1028 1256 ao

173 1282 268 1351 Mater,
290 1285 394 1352 Cyrene
414 1291 509 1351 mater,
529 1301 599 1352 quae
617 1284 734 1352 gurgitis
752 1283 833 1336 huius

173 1359 231 1412 lma
249 1364 334 1428 tenea,
355 1361 422 1428 quid
440 1379 484 1414 me
504 1361 643 1430 praeclara
662 1361 747 1430 stirpe
766 1359 915 1413 deorum-

170 1435 198 1487 oi
208 1436 296 1503 mode,
308 1453 389 1505 quem
399 1437 534 1504 porhibes,
544 1441 623 1506 pater
634 1441 677 1491 est
687 1436 871 1505 Thymbraeus
880 1436 1014 1504 Apollo-

173 1512 292 1566 lnvismn
311 1514 374 1566 fatis
394 1515 528 1581 genuistil
552 1519 600 1568 aut
619 1531 673 1582 quo
692 1513 743 1566 tibi
761 1513 848 1567 nostri

172 1588 268 1642 Pulsus
288 1592 379 1643 amori
402 1591 469 1657 quid
487 1608 531 1644 me
549 1591 653 1644 caelum
672 1607 783 1658 sperare
802 1589 931 1643 iubebasl
989 1603 1025 1643 aaa

172 1665 211 1718 nn
231 1666 313 1719 etiam
333 1667 402 1720 hunc
421 1668 509 1736 ipsum
528 1669 601 1721 vitae
620 1667 743 1720 mortalis
762 1667 899 1734 honorem,

171 1743 257 1805 Quem
278 1743 344 1795 mihi
361 1743 406 1795 vix
423 1743 533 1812 frugum
552 1748 581 1798 et
599 1744 733 1813 pecudum
753 1743 877 1797 custodia
895 1742 990 1795 sollers

170 1819 268 1872 Omnia
287 1820 434 1888 temptanti
455 1822 609 1886 extuderat,
628 1825 657 1874 te
676 1825 772 1886 matre,
791 1821 920 1888 relinquo.

170 1895 240 1958 Quin
260 1913 317 1963 age,
335 1900 364 1949 et
382 1897 441 1964 ipsa
458 1914 539 1950 manu
557 1898 643 1950 felicis
662 1915 726 1952 erue
745 1897 832 1962 silvas,

172 1973 224 2025 Fer
237 1973 352 2026 stabulis
364 1974 501 2027 inimicum
514 1975 604 2042 ignem
618 1978 700 2042 atque
713 1974 836 2027 interfice
849 1972 951 2031 messis,
988 1984 1024 2024 aaa

170 2049 227 2102 Ure
247 2054 312 2115 sata,
331 2053 360 2102 et
378 2051 495 2104 validam
514 2053 541 2104 in
560 2051 622 2104 vitis
641 2051 736 2104 molire
753 2051 906 2118 bipennem,

170 2127 258 2179 Tanta
276 2143 353 2180 meae
371 2128 394 2180 si
411 2131 441 2181 te
460 2132 591 2196 ceperunt
610 2127 702 2180 taedia
722 2126 816 2180 laudis.

170 2206 210 2256 At
229 2206 317 2256 mater
336 2205 452 2256 sonitum
472 2204 591 2257 thalamo
611 2203 661 2256 sub
679 2203 796 2255 fluminis
814 2201 863 2256 alti

170 2280 268 2334 Sensit.
306 2279 374 2333 llam
393 2281 493 2334 circum
514 2281 620 2334 Milesia
639 2281 739 2332 vellera
758 2278 899 2348 Nymphae
1033 2347 1035 2351 v

170 2355 333 2424 Carpebant,
352 2355 423 2424 hyali
442 2362 535 2410 saturo
554 2358 646 2410 fucata
664 2357 760 2422 colore,
987 2369 1024 2408 aas

170 2432 334 2501 Drymoque‚
355 2433 528 2502 Xanthoque,
551 2433 696 2502 Ligeaque,
715 2432 940 2502 Phyllodoceque,

170 2509 323 2563 Caesariem
343 2510 442 2564 effusae
462 2511 576 2564 nitidam
595 2527 645 2580 per
663 2511 779 2564 candida
797 2509 871 2577 eolla,

168 2585 294 2654 [Nesaea
314 2587 439 2656 Spioque,
459 2587 614 2656 Thaliaque,
634 2584 860 2657 Cymodoceque]

170 2663 346 2734 Cydippeque
365 2669 393 2719 et
414 2665 483 2718 flava
502 2666 636 2733 Lycorias,
655 2666 742 2719 altera
758 2665 842 2732 virgo,

174 2739 269 2794 Altera
288 2745 346 2796 tum
365 2745 467 2810 primos
487 2743 605 2796 Lucinae
625 2747 739 2812 experta
756 2742 870 2808 labores,
987 2747 1023 2788 alo

170 2815 283 2886 Clioque
302 2823 330 2872 et
350 2819 437 2873 Beroe
456 2837 539 2888 soror,
560 2819 734 2873 Oceanitides
752 2817 856 2883 ambae,

172 2894 278 2949 Ambae
296 2913 369 2964 auro,
388 2897 468 2965 pictis
487 2897 618 2950 incinctae
638 2896 755 2964 pellibus
773 2893 876 2958 ambae,

172 2973 265 3041 Atque
284 2973 400 3042 Ephyre,
419 2978 501 3044 atque
521 2974 594 3042 Opis,
614 2977 643 3027 et
662 2973 729 3027 Asia
747 2970 875 3038 Deiopea,

171 3049 205 3101 m
223 3049 335 3106 tandem
353 3052 448 3120 positis
467 3052 545 3105 velox
565 3051 706 3105 Arethusa
724 3047 839 3116 sagittis.

172 3125 250 3179 luter
268 3143 334 3194 quas
352 3145 444 3182 curam
464 3128 591 3196 Clymene
610 3127 740 3180 narrabat
757 3126 864 3178 inanem
986 3134 1022 3175 oro

174 3201 292 3321 Volpani,
311 3203 464 3274 Martisque
482 3204 560 3258 dolos
578 3207 609 3258 et
625 3204 715 3257 dulcia
733 3203 814 3269 furta,
