<?xml version="1.0" encoding="UTF-8"?>
<!DOCTYPE html PUBLIC "-//W3C//DTD XHTML 1.0 Transitional//EN"
    "http://www.w3.org/TR/xhtml1/DTD/xhtml1-transitional.dtd">
<html xmlns="http://www.w3.org/1999/xhtml" xml:lang="en" lang="en">
 <head>
  <title>
</title>
<meta http-equiv="Content-Type" content="text/html;charset=utf-8" />
  <meta name='ocr-system' content='tesseract 3.04.00' />
  <meta name='ocr-capabilities' content='ocr_page ocr_carea ocr_par ocr_line ocrx_word'/>
</head>
<body>
  <div class='ocr_page' id='page_1' title='image "./operaexrecensio02virggoog_0094.png"; bbox 0 0 2274 3554; ppageno 0'>
   <div class='ocr_carea' id='block_1_1' title="bbox 347 458 740 512">
    <p class='ocr_par' dir='ltr' id='par_1_1' title="bbox 347 458 740 512">
     <span class='ocr_line' id='line_1_1' title="bbox 347 458 740 512; baseline 0.008 -4"><span class='ocrx_word' id='word_1_1' title='bbox 347 458 378 509; x_wconf 82' lang='lat' dir='ltr'>P.</span> <span class='ocrx_word' id='word_1_2' title='bbox 404 459 558 510; x_wconf 83' lang='lat' dir='ltr'><strong>VERGILI</strong></span> <span class='ocrx_word' id='word_1_3' title='bbox 575 461 740 512; x_wconf 65' lang='lat' dir='ltr'>Minonis</span> 
     </span>
    </p>
   </div>
   <div class='ocr_carea' id='block_1_2' title="bbox 277 624 825 854">
    <p class='ocr_par' dir='ltr' id='par_1_2' title="bbox 277 624 825 854">
     <span class='ocr_line' id='line_1_2' title="bbox 313 624 825 702; baseline 0 -4"><span class='ocrx_word' id='word_1_4' title='bbox 313 625 356 698; x_wconf 90' lang='lat' dir='ltr'>A</span> <span class='ocrx_word' id='word_1_5' title='bbox 383 625 416 695; x_wconf 88' lang='grc' dir='ltr'>Ε</span> <span class='ocrx_word' id='word_1_6' title='bbox 441 624 481 697; x_wconf 89' lang='grc' dir='ltr'>Ν</span> <span class='ocrx_word' id='word_1_7' title='bbox 505 625 539 696; x_wconf 90' lang='grc' dir='ltr'>Ε</span> <span class='ocrx_word' id='word_1_8' title='bbox 567 625 588 697; x_wconf 93' lang='lat' dir='ltr'>I</span> <span class='ocrx_word' id='word_1_9' title='bbox 615 625 653 698; x_wconf 92' lang='lat' dir='ltr'>D</span> <span class='ocrx_word' id='word_1_10' title='bbox 681 626 770 702; x_wconf 80' lang='lat' dir='ltr'>OS</span> <span class='ocrx_word' id='word_1_11' title='bbox 823 695 825 698; x_wconf 85' lang='grc'>,</span> 
     </span>
     <span class='ocr_line' id='line_1_3' title="bbox 277 777 694 854; baseline 0.002 -1"><span class='ocrx_word' id='word_1_12' title='bbox 277 777 281 784; x_wconf 73' lang='grc'>’</span> <span class='ocrx_word' id='word_1_13' title='bbox 345 841 347 846; x_wconf 96' lang='grc'>.</span> <span class='ocrx_word' id='word_1_14' title='bbox 395 799 512 854; x_wconf 81' lang='grc'><strong>11111111</strong></span> <span class='ocrx_word' id='word_1_15' title='bbox 543 800 694 854; x_wconf 80' lang='lat' dir='ltr'>PRIMUS.</span> 
     </span>
    </p>
   </div>
   <div class='ocr_carea' id='block_1_3' title="bbox 496 951 596 976">
    <p class='ocr_par' dir='ltr' id='par_1_3' title="bbox 496 951 596 976">
     <span class='ocr_line' id='line_1_4' title="bbox 496 951 596 976; baseline 0 0"><span class='ocrx_word' id='word_1_16' title='bbox 496 951 596 976; x_wconf 65' lang='lat'>-0--1</span> 
     </span>
    </p>
   </div>
   <div class='ocr_carea' id='block_1_4' title="bbox 34 1065 968 1902">
    <p class='ocr_par' dir='ltr' id='par_1_4' title="bbox 34 1065 968 1596">
     <span class='ocr_line' id='line_1_5' title="bbox 122 1065 886 1138; baseline 0.007 -18"><span class='ocrx_word' id='word_1_17' title='bbox 122 1067 212 1120; x_wconf 73' lang='lat' dir='ltr'>Annn</span> <span class='ocrx_word' id='word_1_18' title='bbox 229 1065 371 1132; x_wconf 83' lang='lat' dir='ltr'>virumque</span> <span class='ocrx_word' id='word_1_19' title='bbox 389 1083 463 1132; x_wconf 89' lang='lat' dir='ltr'>cano,</span> <span class='ocrx_word' id='word_1_20' title='bbox 483 1069 578 1122; x_wconf 85' lang='lat' dir='ltr'>Troiae</span> <span class='ocrx_word' id='word_1_21' title='bbox 596 1072 642 1138; x_wconf 92' lang='lat' dir='ltr'>qui</span> <span class='ocrx_word' id='word_1_22' title='bbox 661 1071 762 1138; x_wconf 77' lang='lat' dir='ltr'>primus</span> <span class='ocrx_word' id='word_1_23' title='bbox 779 1073 814 1124; x_wconf 83' lang='lat' dir='ltr'>ab</span> <span class='ocrx_word' id='word_1_24' title='bbox 832 1073 886 1126; x_wconf 77' lang='lat' dir='ltr'>oris</span> 
     </span>
     <span class='ocr_line' id='line_1_6' title="bbox 121 1141 733 1214; baseline 0.008 -20"><span class='ocrx_word' id='word_1_25' title='bbox 121 1141 468 1210; x_wconf 82' lang='lat' dir='ltr'>Italia1n,fatepr0sngns,</span> <span class='ocrx_word' id='word_1_26' title='bbox 489 1144 643 1214; x_wconf 86' lang='lat' dir='ltr'>Lavinaque</span> <span class='ocrx_word' id='word_1_27' title='bbox 662 1147 733 1200; x_wconf 81' lang='lat' dir='ltr'>venit</span> 
     </span>
     <span class='ocr_line' id='line_1_7' title="bbox 121 1217 816 1283; baseline 0.009 -12"><span class='ocrx_word' id='word_1_28' title='bbox 121 1217 222 1283; x_wconf 78' lang='lat' dir='ltr'>Litora,</span> <span class='ocrx_word' id='word_1_29' title='bbox 241 1218 357 1271; x_wconf 81' lang='lat' dir='ltr'>inultunr</span> <span class='ocrx_word' id='word_1_30' title='bbox 374 1219 420 1272; x_wconf 89' lang='lat' dir='ltr'>illo</span> <span class='ocrx_word' id='word_1_31' title='bbox 438 1225 466 1273; x_wconf 91' lang='lat' dir='ltr'>et</span> <span class='ocrx_word' id='word_1_32' title='bbox 484 1222 566 1274; x_wconf 87' lang='lat' dir='ltr'>terris</span> <span class='ocrx_word' id='word_1_33' title='bbox 582 1223 698 1275; x_wconf 83' lang='lat' dir='ltr'>iactatus</span> <span class='ocrx_word' id='word_1_34' title='bbox 716 1229 745 1276; x_wconf 88' lang='lat' dir='ltr'>et</span> <span class='ocrx_word' id='word_1_35' title='bbox 763 1226 816 1278; x_wconf 84' lang='lat' dir='ltr'>alto</span> 
     </span>
     <span class='ocr_line' id='line_1_8' title="bbox 34 1295 860 1368; baseline 0.01 -22"><span class='ocrx_word' id='word_1_36' title='bbox 34 1313 43 1326; x_wconf 87' lang='lat'><strong>·</strong></span> <span class='ocrx_word' id='word_1_37' title='bbox 121 1295 155 1347; x_wconf 81' lang='lat' dir='ltr'>Vi</span> <span class='ocrx_word' id='word_1_38' title='bbox 175 1313 309 1364; x_wconf 82' lang='lat' dir='ltr'>superum,</span> <span class='ocrx_word' id='word_1_39' title='bbox 328 1313 424 1349; x_wconf 80' lang='lat' dir='ltr'>saevae</span> <span class='ocrx_word' id='word_1_40' title='bbox 441 1314 589 1351; x_wconf 87' lang='lat' dir='ltr'>memorem</span> <span class='ocrx_word' id='word_1_41' title='bbox 608 1300 718 1351; x_wconf 87' lang='lat' dir='ltr'>Iunonis</span> <span class='ocrx_word' id='word_1_42' title='bbox 736 1301 770 1352; x_wconf 88' lang='lat' dir='ltr'>ob</span> <span class='ocrx_word' id='word_1_43' title='bbox 787 1302 860 1368; x_wconf 83' lang='lat' dir='ltr'>iranr,</span> 
     </span>
     <span class='ocr_line' id='line_1_9' title="bbox 120 1371 968 1445; baseline 0.012 -23"><span class='ocrx_word' id='word_1_44' title='bbox 120 1371 209 1424; x_wconf 84' lang='lat' dir='ltr'>Multa</span> <span class='ocrx_word' id='word_1_45' title='bbox 227 1391 334 1441; x_wconf 90' lang='lat' dir='ltr'>quoqne</span> <span class='ocrx_word' id='word_1_46' title='bbox 353 1378 382 1426; x_wconf 86' lang='lat' dir='ltr'>et</span> <span class='ocrx_word' id='word_1_47' title='bbox 399 1374 471 1426; x_wconf 94' lang='lat' dir='ltr'>bello</span> <span class='ocrx_word' id='word_1_48' title='bbox 489 1392 591 1442; x_wconf 68' lang='lat' dir='ltr'>passus</span> <span class='ocrx_word' id='word_1_49' title='bbox 609 1376 674 1429; x_wconf 89' lang='lat' dir='ltr'>dum</span> <span class='ocrx_word' id='word_1_50' title='bbox 690 1377 821 1430; x_wconf 84' lang='lat' dir='ltr'>conderet</span> <span class='ocrx_word' id='word_1_51' title='bbox 836 1381 968 1445; x_wconf 65' lang='lat' dir='ltr'>urbanus</span> 
     </span>
     <span class='ocr_line' id='line_1_10' title="bbox 122 1447 822 1518; baseline 0.007 -18"><span class='ocrx_word' id='word_1_52' title='bbox 122 1447 294 1518; x_wconf 82' lang='lat' dir='ltr'>inferretque</span> <span class='ocrx_word' id='word_1_53' title='bbox 313 1451 379 1503; x_wconf 89' lang='lat' dir='ltr'>deos</span> <span class='ocrx_word' id='word_1_54' title='bbox 399 1451 485 1516; x_wconf 84' lang='lat' dir='ltr'>Latia,</span> <span class='ocrx_word' id='word_1_55' title='bbox 502 1467 588 1517; x_wconf 79' lang='lat' dir='ltr'>genus</span> <span class='ocrx_word' id='word_1_56' title='bbox 606 1451 678 1504; x_wconf 90' lang='lat' dir='ltr'>unde</span> <span class='ocrx_word' id='word_1_57' title='bbox 697 1453 822 1506; x_wconf 86' lang='lat' dir='ltr'>Latinum</span> 
     </span>
     <span class='ocr_line' id='line_1_11' title="bbox 86 1525 827 1596; baseline 0.007 -20"><span class='ocrx_word' id='word_1_58' title='bbox 86 1541 90 1546; x_wconf 93' lang='lat'><em>·</em></span> <span class='ocrx_word' id='word_1_59' title='bbox 121 1525 275 1596; x_wconf 77' lang='lat' dir='ltr'>Albanique</span> <span class='ocrx_word' id='word_1_60' title='bbox 293 1531 386 1594; x_wconf 85' lang='lat' dir='ltr'>patres</span> <span class='ocrx_word' id='word_1_61' title='bbox 403 1530 487 1594; x_wconf 89' lang='lat' dir='ltr'>atque</span> <span class='ocrx_word' id='word_1_62' title='bbox 505 1527 577 1580; x_wconf 88' lang='lat' dir='ltr'>altae</span> <span class='ocrx_word' id='word_1_63' title='bbox 595 1528 700 1580; x_wconf 84' lang='lat' dir='ltr'>moenia</span> <span class='ocrx_word' id='word_1_64' title='bbox 719 1529 827 1582; x_wconf 79' lang='lat' dir='ltr'>Itoniae.</span> 
     </span>
    </p>

    <p class='ocr_par' dir='ltr' id='par_1_5' title="bbox 119 1603 968 1902">
     <span class='ocr_line' id='line_1_12' title="bbox 154 1603 890 1671; baseline 0 -15"><span class='ocrx_word' id='word_1_65' title='bbox 154 1603 240 1671; x_wconf 86' lang='lat' dir='ltr'>Musa,</span> <span class='ocrx_word' id='word_1_66' title='bbox 259 1604 324 1656; x_wconf 90' lang='lat' dir='ltr'>mihi</span> <span class='ocrx_word' id='word_1_67' title='bbox 341 1620 448 1658; x_wconf 83' lang='lat' dir='ltr'>caussas</span> <span class='ocrx_word' id='word_1_68' title='bbox 466 1620 593 1670; x_wconf 86' lang='lat' dir='ltr'>memora,</span> <span class='ocrx_word' id='word_1_69' title='bbox 613 1620 666 1671; x_wconf 91' lang='lat' dir='ltr'>quo</span> <span class='ocrx_word' id='word_1_70' title='bbox 683 1605 792 1658; x_wconf 87' lang='lat' dir='ltr'>numine</span> <span class='ocrx_word' id='word_1_71' title='bbox 809 1605 890 1669; x_wconf 86' lang='lat' dir='ltr'>laeso,</span> 
     </span>
     <span class='ocr_line' id='line_1_13' title="bbox 119 1661 837 1747; baseline -0.003 -14"><span class='ocrx_word' id='word_1_72' title='bbox 119 1681 224 1745; x_wconf 80' lang='lat' dir='ltr'>Quidve</span> <span class='ocrx_word' id='word_1_73' title='bbox 243 1680 344 1747; x_wconf 89' lang='lat' dir='ltr'>dolens,</span> <span class='ocrx_word' id='word_1_74' title='bbox 362 1661 458 1747; x_wconf 72' lang='lat' dir='ltr'>reigina</span> <span class='ocrx_word' id='word_1_75' title='bbox 475 1663 556 1733; x_wconf 73' lang='lat' dir='ltr'>donin</span> <span class='ocrx_word' id='word_1_76' title='bbox 574 1683 617 1734; x_wconf 84' lang='lat' dir='ltr'>tot</span> <span class='ocrx_word' id='word_1_77' title='bbox 635 1681 748 1744; x_wconf 65' lang='lat' dir='ltr'>volvere„</span> <span class='ocrx_word' id='word_1_78' title='bbox 761 1697 837 1732; x_wconf 87' lang='lat' dir='ltr'>casus</span> 
     </span>
     <span class='ocr_line' id='line_1_14' title="bbox 120 1755 968 1845; baseline -0.002 -35"><span class='ocrx_word' id='word_1_79' title='bbox 120 1758 258 1845; x_wconf 48' lang='lat' dir='ltr'>Insignem</span> <span class='ocrx_word' id='word_1_80' title='bbox 276 1758 379 1827; x_wconf 87' lang='lat' dir='ltr'>pietate</span> <span class='ocrx_word' id='word_1_81' title='bbox 397 1758 492 1828; x_wconf 79' lang='lat' dir='ltr'>virum,</span> <span class='ocrx_word' id='word_1_82' title='bbox 503 1759 544 1810; x_wconf 89' lang='lat' dir='ltr'>tot</span> <span class='ocrx_word' id='word_1_83' title='bbox 561 1757 638 1810; x_wconf 90' lang='lat' dir='ltr'>adire</span> <span class='ocrx_word' id='word_1_84' title='bbox 656 1755 762 1810; x_wconf 84' lang='lat' dir='ltr'>labores</span> <span class='ocrx_word' id='word_1_85' title='bbox 944 1771 968 1808; x_wconf 83' lang='lat'>10</span> 
     </span>
     <span class='ocr_line' id='line_1_15' title="bbox 119 1833 819 1902; baseline 0 -16"><span class='ocrx_word' id='word_1_86' title='bbox 119 1833 260 1902; x_wconf 72' lang='lat' dir='ltr'><strong>Impulerit.</strong></span> <span class='ocrx_word' id='word_1_87' title='bbox 296 1835 435 1888; x_wconf 79' lang='lat' dir='ltr'>Tantaene</span> <span class='ocrx_word' id='word_1_88' title='bbox 453 1833 548 1886; x_wconf 87' lang='lat' dir='ltr'>animis</span> <span class='ocrx_word' id='word_1_89' title='bbox 566 1833 728 1887; x_wconf 84' lang='lat' dir='ltr'>caelestibus</span> <span class='ocrx_word' id='word_1_90' title='bbox 746 1833 819 1886; x_wconf 79' lang='lat' dir='ltr'>iraet</span> 
     </span>
    </p>
   </div>
   <div class='ocr_carea' id='block_1_5' title="bbox 43 1987 969 3288">
    <p class='ocr_par' dir='ltr' id='par_1_6' title="bbox 43 1987 969 3288">
     <span class='ocr_line' id='line_1_16' title="bbox 152 1987 766 2057; baseline 0.002 -17"><span class='ocrx_word' id='word_1_91' title='bbox 152 1987 226 2041; x_wconf 81' lang='lat' dir='ltr'>Urbs</span> <span class='ocrx_word' id='word_1_92' title='bbox 244 1990 357 2057; x_wconf 90' lang='lat' dir='ltr'>antiqua</span> <span class='ocrx_word' id='word_1_93' title='bbox 374 1989 433 2056; x_wconf 83' lang='lat' dir='ltr'>init,</span> <span class='ocrx_word' id='word_1_94' title='bbox 452 1989 524 2057; x_wconf 84' lang='lat' dir='ltr'>Tyrii</span> <span class='ocrx_word' id='word_1_95' title='bbox 542 1991 656 2042; x_wconf 92' lang='lat' dir='ltr'>tenuere</span> <span class='ocrx_word' id='word_1_96' title='bbox 674 1988 766 2056; x_wconf 89' lang='lat' dir='ltr'>eoloni,</span> 
     </span>
     <span class='ocr_line' id='line_1_17' title="bbox 119 2065 805 2135; baseline 0.001 -17"><span class='ocrx_word' id='word_1_97' title='bbox 119 2066 268 2133; x_wconf 78' lang='lat' dir='ltr'>Karthago,</span> <span class='ocrx_word' id='word_1_98' title='bbox 289 2066 398 2120; x_wconf 84' lang='lat' dir='ltr'>Italiam</span> <span class='ocrx_word' id='word_1_99' title='bbox 416 2071 511 2120; x_wconf 87' lang='lat' dir='ltr'>eontra</span> <span class='ocrx_word' id='word_1_100' title='bbox 529 2066 708 2135; x_wconf 81' lang='lat' dir='ltr'>Tiberinaque</span> <span class='ocrx_word' id='word_1_101' title='bbox 726 2065 805 2134; x_wconf 79' lang='lat' dir='ltr'>longe</span> 
     </span>
     <span class='ocr_line' id='line_1_18' title="bbox 117 2141 828 2212; baseline 0.001 -17"><span class='ocrx_word' id='word_1_102' title='bbox 117 2141 201 2210; x_wconf 83' lang='lat' dir='ltr'>Ostia,</span> <span class='ocrx_word' id='word_1_103' title='bbox 221 2143 297 2196; x_wconf 82' lang='lat' dir='ltr'>dives</span> <span class='ocrx_word' id='word_1_104' title='bbox 315 2159 396 2211; x_wconf 90' lang='lat' dir='ltr'>opum</span> <span class='ocrx_word' id='word_1_105' title='bbox 415 2143 567 2212; x_wconf 85' lang='lat' dir='ltr'>studiisque</span> <span class='ocrx_word' id='word_1_106' title='bbox 585 2144 734 2212; x_wconf 79' lang='lat' dir='ltr'>asperrima</span> <span class='ocrx_word' id='word_1_107' title='bbox 752 2142 828 2206; x_wconf 75' lang='lat' dir='ltr'>beili5</span> 
     </span>
     <span class='ocr_line' id='line_1_19' title="bbox 117 2220 969 2288; baseline 0.002 -16"><span class='ocrx_word' id='word_1_108' title='bbox 117 2220 203 2284; x_wconf 78' lang='lat' dir='ltr'>Qiunn</span> <span class='ocrx_word' id='word_1_109' title='bbox 223 2220 292 2273; x_wconf 91' lang='lat' dir='ltr'>Iuno</span> <span class='ocrx_word' id='word_1_110' title='bbox 310 2220 397 2274; x_wconf 88' lang='lat' dir='ltr'>sortnr</span> <span class='ocrx_word' id='word_1_111' title='bbox 415 2222 496 2275; x_wconf 89' lang='lat' dir='ltr'>terris</span> <span class='ocrx_word' id='word_1_112' title='bbox 514 2220 601 2288; x_wconf 81' lang='lat' dir='ltr'>magis</span> <span class='ocrx_word' id='word_1_113' title='bbox 619 2220 742 2274; x_wconf 86' lang='lat' dir='ltr'>omnibns</span> <span class='ocrx_word' id='word_1_114' title='bbox 760 2237 841 2273; x_wconf 81' lang='lat' dir='ltr'>unani</span> <span class='ocrx_word' id='word_1_115' title='bbox 946 2233 969 2274; x_wconf 74' lang='lat'>1⁵</span> 
     </span>
     <span class='ocr_line' id='line_1_20' title="bbox 118 2293 772 2364; baseline 0.003 -16"><span class='ocrx_word' id='word_1_116' title='bbox 118 2293 277 2350; x_wconf 76' lang='lat' dir='ltr'>Posthabito</span> <span class='ocrx_word' id='word_1_117' title='bbox 294 2297 408 2350; x_wconf 87' lang='lat' dir='ltr'>coluisse</span> <span class='ocrx_word' id='word_1_118' title='bbox 427 2299 522 2363; x_wconf 78' lang='lat' dir='ltr'>San103</span> <span class='ocrx_word' id='word_1_119' title='bbox 541 2297 583 2350; x_wconf 90' lang='lat' dir='ltr'>hie</span> <span class='ocrx_word' id='word_1_120' title='bbox 601 2297 672 2350; x_wconf 90' lang='lat' dir='ltr'>illius</span> <span class='ocrx_word' id='word_1_121' title='bbox 690 2314 772 2364; x_wconf 79' lang='lat' dir='ltr'>arina,</span> 
     </span>
     <span class='ocr_line' id='line_1_21' title="bbox 116 2373 869 2442; baseline 0 -17"><span class='ocrx_word' id='word_1_122' title='bbox 116 2374 169 2426; x_wconf 86' lang='lat' dir='ltr'>ilie</span> <span class='ocrx_word' id='word_1_123' title='bbox 186 2390 281 2426; x_wconf 87' lang='lat' dir='ltr'>currus</span> <span class='ocrx_word' id='word_1_124' title='bbox 299 2373 365 2438; x_wconf 83' lang='lat' dir='ltr'>fuit3</span> <span class='ocrx_word' id='word_1_125' title='bbox 383 2374 434 2426; x_wconf 89' lang='lat' dir='ltr'>hoe</span> <span class='ocrx_word' id='word_1_126' title='bbox 453 2391 568 2440; x_wconf 82' lang='lat' dir='ltr'>regnum</span> <span class='ocrx_word' id='word_1_127' title='bbox 587 2375 639 2426; x_wconf 82' lang='lat' dir='ltr'>den</span> <span class='ocrx_word' id='word_1_128' title='bbox 656 2374 784 2442; x_wconf 82' lang='lat' dir='ltr'>gentibus</span> <span class='ocrx_word' id='word_1_129' title='bbox 803 2389 869 2437; x_wconf 88' lang='lat' dir='ltr'>esse,</span> 
     </span>
     <span class='ocr_line' id='line_1_22' title="bbox 115 2449 874 2520; baseline 0 -17"><span class='ocrx_word' id='word_1_130' title='bbox 115 2449 142 2520; x_wconf 66' lang='lat' dir='ltr'>{si</span> <span class='ocrx_word' id='word_1_131' title='bbox 161 2469 215 2520; x_wconf 84' lang='lat' dir='ltr'>qna</span> <span class='ocrx_word' id='word_1_132' title='bbox 232 2451 290 2503; x_wconf 86' lang='lat' dir='ltr'>fata</span> <span class='ocrx_word' id='word_1_133' title='bbox 309 2451 405 2516; x_wconf 85' lang='lat' dir='ltr'>sinant,</span> <span class='ocrx_word' id='word_1_134' title='bbox 424 2452 478 2504; x_wconf 85' lang='lat' dir='ltr'>ianr</span> <span class='ocrx_word' id='word_1_135' title='bbox 497 2455 556 2503; x_wconf 81' lang='lat' dir='ltr'>turn</span> <span class='ocrx_word' id='word_1_136' title='bbox 575 2451 722 2518; x_wconf 82' lang='lat' dir='ltr'>tenditque</span> <span class='ocrx_word' id='word_1_137' title='bbox 740 2451 874 2517; x_wconf 71' lang='lat' dir='ltr'>foretque·</span> 
     </span>
     <span class='ocr_line' id='line_1_23' title="bbox 66 2525 830 2598; baseline -0.003 -19"><span class='ocrx_word' id='word_1_138' title='bbox 66 2585 70 2590; x_wconf 60' lang='grc'><em>,</em></span> <span class='ocrx_word' id='word_1_139' title='bbox 115 2525 276 2596; x_wconf 86' lang='lat' dir='ltr'>Progeniem</span> <span class='ocrx_word' id='word_1_140' title='bbox 294 2527 343 2580; x_wconf 87' lang='lat' dir='ltr'>sed</span> <span class='ocrx_word' id='word_1_141' title='bbox 361 2529 433 2598; x_wconf 84' lang='lat' dir='ltr'>enim</span> <span class='ocrx_word' id='word_1_142' title='bbox 452 2528 566 2580; x_wconf 86' lang='lat' dir='ltr'>Troiano</span> <span class='ocrx_word' id='word_1_143' title='bbox 585 2545 601 2580; x_wconf 89' lang='lat' dir='ltr'>a</span> <span class='ocrx_word' id='word_1_144' title='bbox 619 2529 749 2595; x_wconf 84' lang='lat' dir='ltr'>sanguino</span> <span class='ocrx_word' id='word_1_145' title='bbox 768 2526 830 2579; x_wconf 90' lang='lat' dir='ltr'>duei</span> 
     </span>
     <span class='ocr_line' id='line_1_24' title="bbox 43 2605 969 2674; baseline -0.004 -16"><span class='ocrx_word' id='word_1_146' title='bbox 43 2607 54 2621; x_wconf 83' lang='lat'><strong><em>¹</em></strong></span> <span class='ocrx_word' id='word_1_147' title='bbox 114 2605 257 2672; x_wconf 75' lang='lat' dir='ltr'>Audierat,</span> <span class='ocrx_word' id='word_1_148' title='bbox 276 2605 368 2672; x_wconf 51' lang='lat' dir='ltr'>Tyrias</span> <span class='ocrx_word' id='word_1_149' title='bbox 386 2605 451 2658; x_wconf 84' lang='lat' dir='ltr'>olim</span> <span class='ocrx_word' id='word_1_150' title='bbox 469 2622 538 2674; x_wconf 86' lang='lat' dir='ltr'>quae</span> <span class='ocrx_word' id='word_1_151' title='bbox 558 2609 681 2659; x_wconf 86' lang='lat' dir='ltr'>verteret</span> <span class='ocrx_word' id='word_1_152' title='bbox 699 2622 789 2670; x_wconf 88' lang='lat' dir='ltr'>arees;</span> <span class='ocrx_word' id='word_1_153' title='bbox 945 2615 969 2654; x_wconf 76' lang='lat' dir='ltr'>ae</span> 
     </span>
     <span class='ocr_line' id='line_1_25' title="bbox 115 2681 829 2752; baseline 0.001 -19"><span class='ocrx_word' id='word_1_154' title='bbox 115 2681 186 2734; x_wconf 86' lang='lat' dir='ltr'>Hine</span> <span class='ocrx_word' id='word_1_155' title='bbox 203 2681 332 2750; x_wconf 83' lang='lat' dir='ltr'>populum</span> <span class='ocrx_word' id='word_1_156' title='bbox 350 2681 406 2734; x_wconf 86' lang='lat' dir='ltr'>late</span> <span class='ocrx_word' id='word_1_157' title='bbox 425 2699 518 2750; x_wconf 85' lang='lat' dir='ltr'>regem</span> <span class='ocrx_word' id='word_1_158' title='bbox 537 2682 664 2750; x_wconf 85' lang='lat' dir='ltr'>belloque</span> <span class='ocrx_word' id='word_1_159' title='bbox 682 2682 829 2752; x_wconf 84' lang='lat' dir='ltr'>superbum</span> 
     </span>
     <span class='ocr_line' id='line_1_26' title="bbox 118 2757 851 2828; baseline 0.004 -21"><span class='ocrx_word' id='word_1_160' title='bbox 118 2758 267 2812; x_wconf 78' lang='lat' dir='ltr'>i&#39;entnrnnr</span> <span class='ocrx_word' id='word_1_161' title='bbox 286 2757 407 2811; x_wconf 85' lang='lat' dir='ltr'>exscidio</span> <span class='ocrx_word' id='word_1_162' title='bbox 426 2759 541 2828; x_wconf 78' lang='lat' dir='ltr'>Libyae:</span> <span class='ocrx_word' id='word_1_163' title='bbox 561 2760 599 2812; x_wconf 87' lang='lat' dir='ltr'>sie</span> <span class='ocrx_word' id='word_1_164' title='bbox 618 2760 727 2813; x_wconf 83' lang='lat' dir='ltr'>volvere</span> <span class='ocrx_word' id='word_1_165' title='bbox 747 2759 851 2811; x_wconf 77' lang='lat' dir='ltr'>l&#39;nreaa</span> 
     </span>
     <span class='ocr_line' id='line_1_27' title="bbox 116 2833 827 2906; baseline 0 -20"><span class='ocrx_word' id='word_1_166' title='bbox 116 2835 148 2887; x_wconf 88' lang='lat' dir='ltr'>id</span> <span class='ocrx_word' id='word_1_167' title='bbox 166 2840 292 2890; x_wconf 85' lang='lat' dir='ltr'>metuens</span> <span class='ocrx_word' id='word_1_168' title='bbox 309 2836 466 2906; x_wconf 84' lang='lat' dir='ltr'>veterisque</span> <span class='ocrx_word' id='word_1_169' title='bbox 484 2853 589 2890; x_wconf 85' lang='lat' dir='ltr'>mernor</span> <span class='ocrx_word' id='word_1_170' title='bbox 608 2837 738 2890; x_wconf 79' lang='lat' dir='ltr'>Saturnia</span> <span class='ocrx_word' id='word_1_171' title='bbox 756 2833 827 2902; x_wconf 86' lang='lat' dir='ltr'>belii,</span> 
     </span>
     <span class='ocr_line' id='line_1_28' title="bbox 113 2910 915 2982; baseline 0 -20"><span class='ocrx_word' id='word_1_172' title='bbox 113 2911 204 2966; x_wconf 79' lang='lat' dir='ltr'>i’rinra</span> <span class='ocrx_word' id='word_1_173' title='bbox 222 2913 296 2982; x_wconf 77' lang='lat' dir='ltr'>quoti</span> <span class='ocrx_word' id='word_1_174' title='bbox 315 2913 350 2967; x_wconf 88' lang='lat' dir='ltr'>ad</span> <span class='ocrx_word' id='word_1_175' title='bbox 369 2913 476 2967; x_wconf 79' lang='lat' dir='ltr'>Troiam</span> <span class='ocrx_word' id='word_1_176' title='bbox 494 2931 544 2982; x_wconf 86' lang='lat' dir='ltr'>pro</span> <span class='ocrx_word' id='word_1_177' title='bbox 563 2914 633 2967; x_wconf 85' lang='lat' dir='ltr'>caris</span> <span class='ocrx_word' id='word_1_178' title='bbox 650 2917 776 2982; x_wconf 78' lang='lat' dir='ltr'>gesserat</span> <span class='ocrx_word' id='word_1_179' title='bbox 795 2910 915 2978; x_wconf 80' lang='lat' dir='ltr'>Argis-</span> 
     </span>
     <span class='ocr_line' id='line_1_29' title="bbox 113 2987 967 3060; baseline -0.001 -20"><span class='ocrx_word' id='word_1_180' title='bbox 113 2987 237 3044; x_wconf 84' lang='lat' dir='ltr'>Necdum</span> <span class='ocrx_word' id='word_1_181' title='bbox 256 2991 338 3044; x_wconf 85' lang='lat' dir='ltr'>etiarn</span> <span class='ocrx_word' id='word_1_182' title='bbox 356 3009 466 3045; x_wconf 77' lang='lat' dir='ltr'>earissae</span> <span class='ocrx_word' id='word_1_183' title='bbox 484 2992 586 3044; x_wconf 80' lang='lat' dir='ltr'>irarinn</span> <span class='ocrx_word' id='word_1_184' title='bbox 606 2991 734 3060; x_wconf 86' lang='lat' dir='ltr'>saevique</span> <span class='ocrx_word' id='word_1_185' title='bbox 753 2989 861 3043; x_wconf 81' lang='lat' dir='ltr'>dolores</span> <span class='ocrx_word' id='word_1_186' title='bbox 942 3000 967 3040; x_wconf 70' lang='lat' dir='ltr'>aa</span> 
     </span>
     <span class='ocr_line' id='line_1_30' title="bbox 114 3064 853 3136; baseline 0 -20"><span class='ocrx_word' id='word_1_187' title='bbox 114 3064 279 3120; x_wconf 81' lang='lat' dir='ltr'>Exciderant</span> <span class='ocrx_word' id='word_1_188' title='bbox 297 3069 400 3123; x_wconf 87' lang='lat' dir='ltr'>anirno:</span> <span class='ocrx_word' id='word_1_189' title='bbox 417 3072 511 3122; x_wconf 88' lang='lat' dir='ltr'>nranet</span> <span class='ocrx_word' id='word_1_190' title='bbox 529 3069 585 3122; x_wconf 83' lang='lat' dir='ltr'>aito</span> <span class='ocrx_word' id='word_1_191' title='bbox 602 3072 695 3122; x_wconf 82' lang='lat' dir='ltr'>niente</span> <span class='ocrx_word' id='word_1_192' title='bbox 713 3071 853 3136; x_wconf 83' lang='lat' dir='ltr'>repostum</span> 
     </span>
     <span class='ocr_line' id='line_1_31' title="bbox 113 3139 918 3214; baseline 0.006 -22"><span class='ocrx_word' id='word_1_193' title='bbox 113 3139 247 3195; x_wconf 79' lang='lat' dir='ltr'>iudiciuin</span> <span class='ocrx_word' id='word_1_194' title='bbox 266 3143 371 3198; x_wconf 82' lang='lat' dir='ltr'>Paridis</span> <span class='ocrx_word' id='word_1_195' title='bbox 390 3151 554 3214; x_wconf 85' lang='lat' dir='ltr'>spretaeque</span> <span class='ocrx_word' id='word_1_196' title='bbox 571 3145 671 3198; x_wconf 86' lang='lat' dir='ltr'>iniuria</span> <span class='ocrx_word' id='word_1_197' title='bbox 688 3144 797 3213; x_wconf 70' lang='lat' dir='ltr'>sennan</span> <span class='ocrx_word' id='word_1_198' title='bbox 915 3207 918 3212; x_wconf 26' lang='grc' dir='ltr'>Ι</span> 
     </span>
     <span class='ocr_line' id='line_1_32' title="bbox 113 3216 861 3288; baseline 0.001 -18"><span class='ocrx_word' id='word_1_199' title='bbox 113 3216 148 3270; x_wconf 79' lang='lat' dir='ltr'>Et</span> <span class='ocrx_word' id='word_1_200' title='bbox 165 3233 253 3282; x_wconf 74' lang='lat' dir='ltr'>genus</span> <span class='ocrx_word' id='word_1_201' title='bbox 269 3219 391 3284; x_wconf 84' lang='lat' dir='ltr'>inrisum,</span> <span class='ocrx_word' id='word_1_202' title='bbox 409 3224 438 3275; x_wconf 83' lang='lat' dir='ltr'>et</span> <span class='ocrx_word' id='word_1_203' title='bbox 455 3222 528 3288; x_wconf 83' lang='lat' dir='ltr'>rapti</span> <span class='ocrx_word' id='word_1_204' title='bbox 546 3221 712 3285; x_wconf 81' lang='lat' dir='ltr'>Ganynredis</span> <span class='ocrx_word' id='word_1_205' title='bbox 731 3221 861 3280; x_wconf 87' lang='lat' dir='ltr'>honores;</span> 
     </span>
    </p>
   </div>
   <div class='ocr_carea' id='block_1_6' title="bbox 0 0 1142 3554">
    <p class='ocr_par' dir='ltr' id='par_1_7' title="bbox 0 0 1142 3554">
     <span class='ocr_line' id='line_1_33' title="bbox 0 0 1142 3554; baseline 0 3"><span class='ocrx_word' id='word_1_206' title='bbox 0 0 1142 3554; x_wconf 95' lang='lat' dir='ltr'> </span> 
     </span>
    </p>
   </div>
  </div>
 </body>
</html>
