2234 3554
383 142 566 191 AENEIDOS
583 143 653 192 LIB.
674 143 736 193 VII.
950 145 997 194 225

141 223 252 279 Venatu
269 241 418 291 nemorum,
437 224 514 278 duris
533 225 687 294 Aequicula
703 225 814 294 glaebis.

141 301 251 356 Armati
269 305 372 354 terram
391 305 528 368 exercent,
547 319 711 371 semperque
729 303 847 358 recentis

141 378 308 432 Convectare
326 378 402 430 iuvat
420 379 537 445 praedas
554 383 583 432 ct
602 380 691 433 virere
710 383 773 447 rapt
793 421 798 432 .

175 454 245 518 Quin
264 457 293 507 et
311 454 451 507 Marruvia
470 456 545 508 venit
563 455 598 508 de
616 459 699 523 gente
718 455 852 522 sacerdos,
958 467 995 512 lau

141 530 249 584 Fronde
268 547 350 598 super
367 531 474 597 galeam
493 536 522 585 et
540 533 611 586 felici
631 537 756 600 comptus
775 532 854 600 oliva,

139 607 272 676 Archippi
290 607 364 674 regis
381 608 472 672 missu,
490 607 655 662 fortissimus
674 609 787 674 Umbro,

139 682 258 751 Vipereo
276 683 370 751 generi
389 689 418 736 et
435 685 558 752 graviter
576 685 743 754 spirantibus
762 685 856 753 hydria

138 759 273 827 Spargere
291 760 338 828 qui
357 777 465 813 somnos
482 767 619 830 cantuque
637 778 773 829 manuque
792 761 904 830 solebat,

139 834 332 905 Mulcebatque
350 835 405 889 iras
423 841 452 890 et
469 853 576 891 morsus
594 842 655 891 arte
673 837 788 892 levabat.
957 849 992 892 tea

138 909 193 964 Sed
210 929 264 966 non
286 912 440 966 Dardaniae
458 913 588 967 medicari
606 914 725 982 curapidis
744 915 829 969 ictum

138 987 252 1054 Evaluit,
271 1005 360 1056 ncque
379 1005 441 1042 eum
460 989 552 1044 iuvere
570 991 596 1043 in
615 991 725 1044 volnera
742 995 838 1044 cautus

137 1063 280 1118 Somniieri
299 1072 328 1118 et
350 1066 445 1119 Marsis
464 1067 603 1134 quaesitae
621 1066 759 1120 montibus
777 1067 886 1121 herbae.

136 1140 174 1194 Te
192 1157 288 1194 neurus
308 1141 465 1209 Angustiae,
483 1143 571 1196 vitrea
589 1146 617 1196 te
637 1143 754 1196 Fucinus
772 1143 854 1210 nuda,

135 1216 173 1270 Te
190 1217 286 1286 liquidi
305 1217 403 1271 flevere
422 1218 503 1272 lacus.
952 1233 989 1275 reo

170 1293 234 1347 Ibat
252 1297 281 1348 et
301 1294 444 1364 Hippolyti
463 1294 554 1363 proles
570 1295 753 1364 pulcherrima
769 1294 849 1363 bello,

134 1369 255 1436 Virbius,
272 1371 407 1439 insignem
425 1388 507 1440 quem
525 1377 614 1426 mater
634 1371 727 1424 Aricia
744 1372 826 1439 misit,

134 1445 270 1500 Eduetnm
291 1447 404 1514 bigadae
422 1447 490 1501 lucis
508 1447 650 1502 humentia
668 1448 769 1501 circum

134 1523 234 1589 Libora,
253 1524 360 1592 pinguis
378 1523 425 1578 uhi
443 1528 473 1578 et
491 1524 631 1592 placabilis
648 1541 697 1578 ara
715 1524 825 1578 Dianae.

133 1595 260 1668 Namque
277 1600 371 1654 icrunt
388 1602 460 1654 sama
483 1602 669 1671 Hippolytum,
689 1605 834 1671 postquam
857 1609 918 1656 arto
937 1619 984 1657 no·

201 1693 297 1730 vercae
950 1694 985 1734 eae

133 1752 272 1807 Occiderit
290 1752 448 1821 patriasque
466 1755 584 1822 explerit
603 1755 733 1822 sanguim
751 1771 852 1823 poenae

132 1829 261 1882 Turbatis
279 1829 428 1882 distractus
446 1831 531 1898 equis,
549 1831 586 1884 ad
604 1832 696 1884 sidera
713 1848 807 1885 rursus

134 1905 267 1958 Aetheria
285 1909 314 1957 et
332 1921 445 1972 superas
462 1906 531 1958 caeli
548 1907 654 1959 uenisse
672 1906 723 1959 sub
740 1923 828 1973 auras,

135 1980 265 2047 Paeoniis
276 1983 432 2032 revocatum
449 1980 541 2033 herbis
559 1985 588 2034 et
606 1997 699 2034 amore
718 1981 828 2036 Dianae.

133 2056 201 2108 Tum
221 2055 305 2108 Pater
321 2055 500 2122 omnipotens,
518 2057 636 2124 aliquem
654 2056 811 2124 indignatus
828 2057 864 2111 ab
881 2061 984 2115 umbris

132 2132 280 2186 Mortale'm
298 2131 412 2184 infernis
429 2130 466 2184 ad
483 2131 586 2184 lumina
604 2148 717 2199 surgere
735 2133 816 2199 ritae,
948 2152 983 2190 771

133 2208 198 2278 lpse
214 2205 382 2276 repertorem
401 2206 553 2261 medicinae
571 2208 633 2261 talis
651 2212 680 2262 et
698 2209 765 2262 artis

133 2285 260 2338 Fulmina
279 2283 481 2351 Phoebigenam
502 2285 609 2352 Stygiae
628 2283 749 2338 detrusit
766 2285 803 2339 ad
820 2287 914 2342 erudas.

133 2363 173 2415 At
191 2362 282 2415 Trivia
300 2360 481 2430 Hippolptum
500 2362 612 2415 secretis
629 2361 700 2414 alma
718 2363 842 2417 recondit

132 2438 258 2505 Sedibus,
276 2441 306 2492 ct
322 2437 456 2505 nymphae
477 2438 593 2506 Egeriae
611 2438 770 2507 nemorique
787 2439 900 2508 relegat,
948 2454 984 2495 775

131 2515 210 2568 Solus
227 2514 273 2567 ubi
291 2515 320 2567 in
338 2513 411 2567 silvis
432 2514 510 2568 Italis
528 2513 654 2582 ignobilis
672 2531 767 2569 aevum

131 2591 269 2659 dirigeret,
287 2607 422 2659 versoque
440 2591 487 2644 nbi
504 2592 614 2645 nornine
632 2591 745 2646 Virbius
763 2596 844 2648 esset.

132 2665 213 2721 Unde
232 2668 315 2721 ctiam
333 2667 437 2736 templo
456 2667 561 2722 Triviae
579 2668 701 2737 lucisque
720 2670 833 2722 sacratis

131 2744 300 2813 Cornipedes
318 2749 447 2798 arcentur
465 2745 536 2813 equi,
555 2745 630 2813 quod
648 2745 728 2798 litere
746 2761 856 2799 currum

131 2820 168 2874 lit
184 2821 309 2875 iuvenem
327 2820 457 2874 monstris
474 2821 565 2888 pavidi
584 2821 706 2874 effudere
723 2822 842 2876 uterinis.
947 2837 984 2877 aaa

132 2896 218 2950 Filius
236 2897 360 2950 ardentis
378 2896 453 2950 haud
471 2897 556 2950 setius
575 2913 693 2964 aequore
711 2899 799 2966 campi

132 2973 286 3027 Exercebat
304 2989 389 3041 equos
407 2977 542 3040 curruque
559 2973 587 3025 in
606 2972 678 3026 bella
695 2973 801 3026 ruebat.

168 3049 232 3117 lpse
249 3052 323 3104 inter
340 3049 442 3117 primos
460 3049 612 3116 praestanti
630 3066 743 3117 corpore
762 3050 867 3103 'l'urnue

131 3125 260 3179 Vertitur
278 3142 354 3178 arma
372 3129 477 3191 tenens,
496 3129 525 3180 et
543 3130 602 3180 toto
620 3127 722 3180 vertice
741 3144 823 3196 supra
840 3131 889 3183 est.

131 3200 183 3255 (lui
200 3201 300 3271 triplici
318 3202 417 3256 crinita
434 3201 499 3256 iuba
515 3202 595 3272 galea
612 3203 668 3258 alta
686 3203 856 3260 Chimaeram
947 3221 983 3262 raa
