2234 3554
377 125 453 176 AEN
456 123 562 172 alnos
584 122 653 171 LIB.
679 121 743 169 VII.
938 119 986 168 als

133 213 195 267 Non
213 210 303 281 patrio
321 226 356 263 ex
374 207 457 277 adyto
475 209 570 269 sortes,
587 221 641 258 non
660 203 778 272 plurima
794 201 870 255 caelo

132 289 256 344 Monstra
274 288 381 350 sinunt;
399 299 514 352 generos
532 281 654 336 externis
672 279 767 334 adfore
785 277 820 331 ab
837 278 899 345 oris,
946 291 985 332 aro

133 366 194 420 Hoc
213 364 292 416 Latio
309 365 415 416 restare
432 363 540 425 canunt,
558 358 606 427 qui
624 357 756 425 sanguine
774 359 898 408 nostrum

133 442 240 496 Nomen
257 441 286 492 in
303 442 378 492 astra
395 438 492 490 ferant.
530 436 612 489 Hune
628 434 706 488 illum
724 449 836 503 poscere
853 431 910 484 fata

133 518 169 572 lit
186 534 256 583 reor,
275 520 311 580 et,
329 514 436 584 siquid
454 513 512 567 veri
530 529 607 566 mens
625 516 750 580 augurat,
768 514 840 578 opto.

134 595 211 648 Haeo
229 593 328 647 effatus
345 608 430 660 equos
446 605 560 644 numero
578 592 658 658 pater
676 589 756 657 eligit
773 585 852 640 omni.

133 670 248 724 Stabant
266 671 438 722 tercentum
456 666 538 720 nitidi
555 666 584 719 in
602 666 781 734 praesepibus
799 663 869 716 altis.
951 677 987 718 ara

134 744 267 800 Omnibus
284 745 423 813 externplo
441 743 552 797 Teucris
570 743 647 796 iubet
665 743 760 796 ordine
778 741 841 794 duci

135 823 271 876 Instratos
289 825 363 876 ostro
381 820 503 889 alipedes
522 819 657 889 pictisque
675 821 791 888 tapetis;

135 899 229 952 Aurea
246 897 403 966 pectoribus
421 897 540 951 demissa
557 895 667 950 monilia
684 897 820 964 pendeut;

135 975 210 1028 Tecti
228 991 303 1042 auro,
319 975 422 1028 fulvum
440 973 574 1026 mandunt
592 971 643 1026 sub
661 972 790 1027 dontibus
807 989 918 1037 aurum;

136 1051 255 1106 Absenti
275 1053 385 1104 Aeneae
403 1067 512 1104 currum
529 1049 708 1118 geminosque
726 1049 824 1117 iugalis
951 1061 987 1101 aso

136 1128 243 1182 Semiue
261 1127 296 1180 ab
314 1127 442 1194 aetherio,
461 1126 590 1195 spirantis
609 1125 719 1179 naribus
737 1126 835 1195 ignem,

137 1204 249 1258 Illorum
267 1203 302 1256 de
320 1207 410 1270 gente,
428 1203 500 1271 patri
518 1218 585 1271 quos
605 1201 720 1256 daedala
739 1203 816 1256 Circe

136 1279 281 1348 Supposita
299 1279 335 1333 de
352 1283 441 1333 rnctre
459 1279 556 1333 nothos
575 1279 666 1332 iurata
685 1279 795 1333 creavit.

136 1356 246 1410 Talibus
265 1356 413 1410 Aeneadae
433 1356 511 1410 donis
530 1355 667 1424 dictisque
686 1355 778 1409 Latini

137 1433 272 1491 Sublimes
290 1433 318 1486 in
336 1434 414 1502 equis
432 1433 557 1500 redeunt,
576 1449 727 1502 pacemque
745 1435 895 1501 reportant.
953 1447 989 1486 aaa

171 1509 241 1564 Eece
259 1513 351 1564 autem
371 1510 489 1564 Inachiis
508 1527 568 1564 sese
586 1509 724 1564 referebat
743 1509 778 1563 ab
798 1509 881 1577 Argis

137 1585 223 1640 Saeva
243 1585 315 1638 lovis
333 1587 456 1653 coniunx,
475 1603 610 1655 aurasque
629 1587 738 1640 invecta
755 1585 877 1653 tenebat,

138 1662 175 1716 lit
191 1663 294 1716 laetum
313 1663 425 1716 Aenean
445 1663 614 1731 classemque
633 1679 667 1715 ex
685 1663 798 1716 aethere
816 1662 896 1730 longe

138 1736 304 1792 Dardaniam
323 1738 413 1792 Siculo
431 1739 572 1806 prospexit
590 1738 624 1791 ab
642 1755 729 1807 usque
749 1739 881 1804 Pachyno,

138 1814 229 1867 Moliri
247 1815 301 1866 iam
319 1817 395 1866 tecta
412 1814 496 1878 videt,
514 1815 568 1866 iarn
587 1814 673 1868 fidere
691 1820 789 1882 terrae,
955 1831 990 1871 aaa

139 1889 298 1942 Deseruisse
317 1893 398 1942 rates.
435 1889 520 1942 Stetit
538 1889 593 1942 acri
612 1890 666 1942 fixa
684 1891 784 1946 dolore.

139 1965 207 2018 Tum
225 1981 357 2033 quassans
374 1968 456 2033 caput
473 1965 540 2018 haee
559 1965 674 2018 effundit
691 1971 802 2034 pectore
820 1971 907 2024 dicta:

140 2041 204 2094 Heu
222 2041 337 2108 stirpem
355 2041 477 2106 invisam,
496 2044 525 2094 et
543 2042 606 2094 fatis
625 2044 761 2096 contraria
777 2047 877 2099 nostris

140 2117 210 2170 Fata
229 2117 382 2184 Phrygum!
403 2133 467 2168 num
486 2117 575 2184 Sigeis
593 2117 754 2172 occumbere
772 2122 880 2189 eampis,

140 2193 213 2247 Num
231 2193 304 2262 eapti
323 2196 438 2262 potuere
457 2193 531 2261 eapil
549 2209 614 2246 nuru
633 2193 741 2248 ascensa
758 2198 887 2252 cremavit
957 2211 993 2251 aas

140 2271 220 2323 Troia
238 2271 328 2324 virosi
346 2270 450 2323 medias
469 2271 539 2324 acies
557 2269 716 2338 mediosque
734 2289 784 2340 per
801 2274 870 2341 ignis

141 2347 275 2400 Invenere
293 2347 371 2400 viam.
408 2349 456 2414 At,
475 2346 565 2416 crede,
583 2363 644 2401 mea
661 2349 772 2404 numina
788 2351 900 2406 tandem

141 2423 225 2477 Fessa
243 2423 340 2491 iacent,
360 2423 430 2478 odiis
448 2428 496 2478 aut
515 2427 673 2478 exsaturata
692 2427 818 2494 quievi—

141 2499 213 2564 Quin
231 2501 314 2554 etiam
333 2502 421 2568 patria
439 2518 567 2556 oxenesos
586 2501 685 2556 infesta
702 2520 752 2571 per
769 2505 856 2558 undas

143 2577 219 2630 Ausa
237 2578 322 2644 sequi,
341 2580 371 2630 et
389 2579 509 2645 profugis
528 2582 587 2632 toto
605 2595 649 2632 mo
668 2597 803 2648 oppenere
822 2587 911 2650 ponto.
958 2595 994 2634 eoo

142 2651 314 2722 Absumptae
331 2654 359 2707 in
378 2655 495 2709 Teucros
513 2656 583 2708 vires
602 2656 723 2725 caelique
741 2659 885 2729 inarisque.

142 2729 216 2795 Quid
234 2730 334 2797 Syrtes,
353 2735 402 2784 aut
420 2732 508 2800 Scylla
525 2733 600 2800 mihi,
619 2733 686 2802 quid
704 2739 781 2789 vasta
800 2736 952 2805 Charybdis

143 2805 268 2859 Proluitl
286 2811 380 2874 optato
399 2809 552 2862 conduntur
571 2809 715 2878 Thybridis
733 2812 816 2880 alveo,

142 2880 237 2936 Securi
256 2883 345 2950 pelagi
363 2887 446 2952 atque
466 2886 525 2938 urei.
563 2886 638 2940 Mars
656 2887 773 2954 perdere
790 2892 900 2957 gentem

144 2957 286 3012 lemanem
306 2958 453 3028 Lapithum
471 2961 570 3025 valuit;
588 2965 720 3017 concessit
738 2963 766 3016 in
783 2966 838 3019 iras
959 2982 995 3021 soa

145 3032 209 3101 Ipse
227 3034 309 3090 deum
327 3037 467 3106 antiquam
484 3039 593 3106 genitor
611 3040 748 3109 Calydona
766 3042 883 3110 Dianao;

144 3109 224 3175 Quod
242 3113 395 3249 &semlant
419 3114 550 3184 Lapithas
572 3119 686 3176 tautum,
708 3122 757 3173 aut
779 3119 918 3188 Calydona
938 3137 995 3178 me

214 3203 262 3245 ren
277 3206 320 3250 eru
