<?xml version="1.0" encoding="UTF-8"?>
<!DOCTYPE html PUBLIC "-//W3C//DTD XHTML 1.0 Transitional//EN"
    "http://www.w3.org/TR/xhtml1/DTD/xhtml1-transitional.dtd">
<html xmlns="http://www.w3.org/1999/xhtml" xml:lang="en" lang="en">
 <head>
  <title>
</title>
<meta http-equiv="Content-Type" content="text/html;charset=utf-8" />
  <meta name='ocr-system' content='tesseract 3.04.00' />
  <meta name='ocr-capabilities' content='ocr_page ocr_carea ocr_par ocr_line ocrx_word'/>
</head>
<body>
  <div class='ocr_page' id='page_1' title='image "./operaexrecensio02virggoog_0142.png"; bbox 0 0 2274 3554; ppageno 0'>
   <div class='ocr_carea' id='block_1_1' title="bbox 128 133 747 187">
    <p class='ocr_par' dir='ltr' id='par_1_1' title="bbox 128 133 747 187">
     <span class='ocr_line' id='line_1_1' title="bbox 128 133 747 187; baseline -0.008 0"><span class='ocrx_word' id='word_1_1' title='bbox 128 140 173 187; x_wconf 81' lang='lat'>1³0</span> <span class='ocrx_word' id='word_1_2' title='bbox 360 139 390 184; x_wconf 89' lang='lat' dir='ltr'>P.</span> <span class='ocrx_word' id='word_1_3' title='bbox 409 135 564 184; x_wconf 79' lang='lat' dir='ltr'>VERGILI</span> <span class='ocrx_word' id='word_1_4' title='bbox 581 133 747 183; x_wconf 84' lang='lat' dir='ltr'>MARONIS</span> 
     </span>
    </p>
   </div>
   <div class='ocr_carea' id='block_1_2' title="bbox 127 215 985 3272">
    <p class='ocr_par' dir='ltr' id='par_1_2' title="bbox 127 215 886 286">
     <span class='ocr_line' id='line_1_2' title="bbox 127 215 886 286; baseline -0.001 -15"><span class='ocrx_word' id='word_1_5' title='bbox 127 216 253 271; x_wconf 78' lang='lat' dir='ltr'><strong>Tendunt</strong></span> <span class='ocrx_word' id='word_1_6' title='bbox 272 215 332 269; x_wconf 88' lang='lat' dir='ltr'>vela</span> <span class='ocrx_word' id='word_1_7' title='bbox 350 216 376 269; x_wconf 89' lang='lat' dir='ltr'>N</span> <span class='ocrx_word' id='word_1_8' title='bbox 378 216 433 281; x_wconf 90' lang='lat' dir='ltr'>oti;</span> <span class='ocrx_word' id='word_1_9' title='bbox 450 217 571 284; x_wconf 86' lang='lat' dir='ltr'>fugimus</span> <span class='ocrx_word' id='word_1_10' title='bbox 589 215 780 286; x_wconf 69' lang='lat' dir='ltr'><strong>spumantibus</strong></span> <span class='ocrx_word' id='word_1_11' title='bbox 796 217 886 285; x_wconf 90' lang='lat' dir='ltr'>undis,</span> 
     </span>
    </p>

    <p class='ocr_par' dir='ltr' id='par_1_3' title="bbox 128 293 862 363">
     <span class='ocr_line' id='line_1_3' title="bbox 128 293 862 363; baseline 0.003 -17"><span class='ocrx_word' id='word_1_12' title='bbox 128 293 187 356; x_wconf 86' lang='lat' dir='ltr'>Qua</span> <span class='ocrx_word' id='word_1_13' title='bbox 204 309 312 346; x_wconf 91' lang='lat' dir='ltr'>cursum</span> <span class='ocrx_word' id='word_1_14' title='bbox 331 297 483 361; x_wconf 87' lang='lat' dir='ltr'>ventusque</span> <span class='ocrx_word' id='word_1_15' title='bbox 500 293 722 363; x_wconf 80' lang='lat' dir='ltr'>gubernatorque</span> <span class='ocrx_word' id='word_1_16' title='bbox 739 293 862 348; x_wconf 84' lang='lat' dir='ltr'>vocabat.</span> 
     </span>
    </p>

    <p class='ocr_par' dir='ltr' id='par_1_4' title="bbox 127 369 985 592">
     <span class='ocr_line' id='line_1_4' title="bbox 128 369 985 440; baseline 0.005 -18"><span class='ocrx_word' id='word_1_17' title='bbox 128 370 186 422; x_wconf 91' lang='lat' dir='ltr'>lam</span> <span class='ocrx_word' id='word_1_18' title='bbox 206 369 296 423; x_wconf 89' lang='lat' dir='ltr'>medio</span> <span class='ocrx_word' id='word_1_19' title='bbox 314 369 430 438; x_wconf 77' lang='lat' dir='ltr'>adparet</span> <span class='ocrx_word' id='word_1_20' title='bbox 448 369 534 423; x_wconf 86' lang='lat' dir='ltr'>fluctu</span> <span class='ocrx_word' id='word_1_21' title='bbox 553 386 697 423; x_wconf 89' lang='lat' dir='ltr'>nemorosa</span> <span class='ocrx_word' id='word_1_22' title='bbox 714 370 866 440; x_wconf 70' lang='lat' dir='ltr'><strong>Zacynthos</strong></span> <span class='ocrx_word' id='word_1_23' title='bbox 947 385 985 426; x_wconf 77' lang='lat' dir='ltr'>aro</span> 
     </span>
     <span class='ocr_line' id='line_1_5' title="bbox 127 445 873 515; baseline 0.004 -18"><span class='ocrx_word' id='word_1_24' title='bbox 127 445 338 514; x_wconf 87' lang='lat' dir='ltr'>Dulichiumque</span> <span class='ocrx_word' id='word_1_25' title='bbox 358 445 494 515; x_wconf 84' lang='lat' dir='ltr'>Sameque</span> <span class='ocrx_word' id='word_1_26' title='bbox 513 449 541 500; x_wconf 89' lang='lat' dir='ltr'>et</span> <span class='ocrx_word' id='word_1_27' title='bbox 559 446 672 500; x_wconf 86' lang='lat' dir='ltr'>Neritos</span> <span class='ocrx_word' id='word_1_28' title='bbox 689 446 775 500; x_wconf 90' lang='lat' dir='ltr'>ardua</span> <span class='ocrx_word' id='word_1_29' title='bbox 793 447 873 500; x_wconf 84' lang='lat' dir='ltr'>saxis.</span> 
     </span>
     <span class='ocr_line' id='line_1_6' title="bbox 127 522 803 592; baseline 0.004 -18"><span class='ocrx_word' id='word_1_30' title='bbox 127 522 280 590; x_wconf 82' lang='lat' dir='ltr'>Effugimus</span> <span class='ocrx_word' id='word_1_31' title='bbox 299 523 422 591; x_wconf 86' lang='lat' dir='ltr'>scopulos</span> <span class='ocrx_word' id='word_1_32' title='bbox 441 522 561 588; x_wconf 79' lang='lat' dir='ltr'>Ithacae,</span> <span class='ocrx_word' id='word_1_33' title='bbox 581 522 692 577; x_wconf 83' lang='lat' dir='ltr'>Laertia</span> <span class='ocrx_word' id='word_1_34' title='bbox 709 540 803 592; x_wconf 84' lang='lat' dir='ltr'>regna,</span> 
     </span>
    </p>

    <p class='ocr_par' dir='ltr' id='par_1_5' title="bbox 128 598 814 655">
     <span class='ocr_line' id='line_1_7' title="bbox 128 598 814 655; baseline 0.004 -3"><span class='ocrx_word' id='word_1_35' title='bbox 128 598 164 652; x_wconf 84' lang='lat' dir='ltr'>Et</span> <span class='ocrx_word' id='word_1_36' title='bbox 182 603 284 652; x_wconf 88' lang='lat' dir='ltr'>terram</span> <span class='ocrx_word' id='word_1_37' title='bbox 304 599 427 652; x_wconf 87' lang='lat' dir='ltr'>altricem</span> <span class='ocrx_word' id='word_1_38' title='bbox 447 600 520 652; x_wconf 88' lang='lat' dir='ltr'>saevi</span> <span class='ocrx_word' id='word_1_39' title='bbox 538 615 713 653; x_wconf 87' lang='lat' dir='ltr'>exsecramur</span> <span class='ocrx_word' id='word_1_40' title='bbox 731 600 814 655; x_wconf 81' lang='lat' dir='ltr'><strong>Ulixi.</strong></span> 
     </span>
    </p>

    <p class='ocr_par' dir='ltr' id='par_1_6' title="bbox 129 675 816 730">
     <span class='ocr_line' id='line_1_8' title="bbox 129 675 816 730; baseline 0.003 -2"><span class='ocrx_word' id='word_1_41' title='bbox 129 675 193 728; x_wconf 89' lang='lat' dir='ltr'>hlox</span> <span class='ocrx_word' id='word_1_42' title='bbox 211 681 240 728; x_wconf 83' lang='lat' dir='ltr'>et</span> <span class='ocrx_word' id='word_1_43' title='bbox 259 675 397 728; x_wconf 79' lang='lat' dir='ltr'>Leucatae</span> <span class='ocrx_word' id='word_1_44' title='bbox 417 675 541 728; x_wconf 89' lang='lat' dir='ltr'>nimbosa</span> <span class='ocrx_word' id='word_1_45' title='bbox 558 677 698 730; x_wconf 87' lang='lat' dir='ltr'>cacumina</span> <span class='ocrx_word' id='word_1_46' title='bbox 715 677 816 730; x_wconf 87' lang='lat' dir='ltr'>montis</span> 
     </span>
    </p>

    <p class='ocr_par' dir='ltr' id='par_1_7' title="bbox 129 750 984 976">
     <span class='ocr_line' id='line_1_9' title="bbox 129 750 984 821; baseline 0.007 -18"><span class='ocrx_word' id='word_1_47' title='bbox 129 750 163 804; x_wconf 86' lang='lat' dir='ltr'>Et</span> <span class='ocrx_word' id='word_1_48' title='bbox 181 751 342 804; x_wconf 88' lang='lat' dir='ltr'>formidatus</span> <span class='ocrx_word' id='word_1_49' title='bbox 361 753 450 804; x_wconf 88' lang='lat' dir='ltr'>nautis</span> <span class='ocrx_word' id='word_1_50' title='bbox 468 753 592 820; x_wconf 88' lang='lat' dir='ltr'>aperitur</span> <span class='ocrx_word' id='word_1_51' title='bbox 611 751 719 821; x_wconf 86' lang='lat' dir='ltr'><strong>Apollo.</strong></span> <span class='ocrx_word' id='word_1_52' title='bbox 947 765 984 809; x_wconf 75' lang='lat' dir='ltr'>aro</span> 
     </span>
     <span class='ocr_line' id='line_1_10' title="bbox 129 827 879 897; baseline 0.004 -17"><span class='ocrx_word' id='word_1_53' title='bbox 129 827 209 880; x_wconf 91' lang='lat' dir='ltr'>Hune</span> <span class='ocrx_word' id='word_1_54' title='bbox 226 828 346 896; x_wconf 88' lang='lat' dir='ltr'>petimus</span> <span class='ocrx_word' id='word_1_55' title='bbox 364 827 429 881; x_wconf 85' lang='lat' dir='ltr'>lessi</span> <span class='ocrx_word' id='word_1_56' title='bbox 447 833 476 882; x_wconf 90' lang='lat' dir='ltr'>et</span> <span class='ocrx_word' id='word_1_57' title='bbox 493 845 594 897; x_wconf 87' lang='lat' dir='ltr'>parvae</span> <span class='ocrx_word' id='word_1_58' title='bbox 613 829 782 883; x_wconf 83' lang='lat' dir='ltr'>succedimus</span> <span class='ocrx_word' id='word_1_59' title='bbox 800 829 879 892; x_wconf 85' lang='lat' dir='ltr'>urbi;</span> 
     </span>
     <span class='ocr_line' id='line_1_11' title="bbox 130 897 838 976; baseline 0.006 -20"><span class='ocrx_word' id='word_1_60' title='bbox 130 897 238 958; x_wconf 78' lang='lat' dir='ltr'>Ancora</span> <span class='ocrx_word' id='word_1_61' title='bbox 255 904 291 958; x_wconf 93' lang='lat' dir='ltr'>de</span> <span class='ocrx_word' id='word_1_62' title='bbox 308 921 390 973; x_wconf 81' lang='lat' dir='ltr'>prora</span> <span class='ocrx_word' id='word_1_63' title='bbox 408 905 514 974; x_wconf 87' lang='lat' dir='ltr'>iacitur,</span> <span class='ocrx_word' id='word_1_64' title='bbox 534 910 609 960; x_wconf 89' lang='lat' dir='ltr'>stant</span> <span class='ocrx_word' id='word_1_65' title='bbox 627 905 708 960; x_wconf 90' lang='lat' dir='ltr'>litore</span> <span class='ocrx_word' id='word_1_66' title='bbox 726 923 838 976; x_wconf 87' lang='lat' dir='ltr'>puppes.</span> 
     </span>
    </p>

    <p class='ocr_par' dir='ltr' id='par_1_8' title="bbox 127 981 982 1804">
     <span class='ocr_line' id='line_1_12' title="bbox 163 981 742 1052; baseline 0.003 -19"><span class='ocrx_word' id='word_1_67' title='bbox 163 982 236 1048; x_wconf 86' lang='lat' dir='ltr'>Ergo</span> <span class='ocrx_word' id='word_1_68' title='bbox 254 981 394 1049; x_wconf 84' lang='lat' dir='ltr'>insperata</span> <span class='ocrx_word' id='word_1_69' title='bbox 412 983 524 1036; x_wconf 88' lang='lat' dir='ltr'>tandem</span> <span class='ocrx_word' id='word_1_70' title='bbox 543 983 643 1037; x_wconf 87' lang='lat' dir='ltr'>tellure</span> <span class='ocrx_word' id='word_1_71' title='bbox 660 983 742 1052; x_wconf 88' lang='lat' dir='ltr'>potiti</span> 
     </span>
     <span class='ocr_line' id='line_1_13' title="bbox 128 1056 842 1128; baseline 0.004 -19"><span class='ocrx_word' id='word_1_72' title='bbox 128 1056 344 1124; x_wconf 87' lang='lat' dir='ltr'>Lustramurque</span> <span class='ocrx_word' id='word_1_73' title='bbox 364 1058 423 1111; x_wconf 86' lang='lat' dir='ltr'>lovi</span> <span class='ocrx_word' id='word_1_74' title='bbox 441 1060 567 1128; x_wconf 85' lang='lat' dir='ltr'>votisque</span> <span class='ocrx_word' id='word_1_75' title='bbox 584 1060 755 1114; x_wconf 84' lang='lat' dir='ltr'>incendimus</span> <span class='ocrx_word' id='word_1_76' title='bbox 772 1075 842 1126; x_wconf 84' lang='lat' dir='ltr'>aras,</span> 
     </span>
     <span class='ocr_line' id='line_1_14' title="bbox 128 1134 982 1202; baseline 0.005 -16"><span class='ocrx_word' id='word_1_77' title='bbox 128 1134 264 1202; x_wconf 82' lang='lat' dir='ltr'>Actiaque</span> <span class='ocrx_word' id='word_1_78' title='bbox 284 1134 375 1187; x_wconf 89' lang='lat' dir='ltr'>iliacis</span> <span class='ocrx_word' id='word_1_79' title='bbox 393 1135 562 1189; x_wconf 85' lang='lat' dir='ltr'>celebramus</span> <span class='ocrx_word' id='word_1_80' title='bbox 581 1136 662 1190; x_wconf 90' lang='lat' dir='ltr'>litora</span> <span class='ocrx_word' id='word_1_81' title='bbox 680 1136 760 1190; x_wconf 88' lang='lat' dir='ltr'>ludis.</span> <span class='ocrx_word' id='word_1_82' title='bbox 820 1183 822 1189; x_wconf 20' lang='grc' dir='ltr'><em>Α</em></span> <span class='ocrx_word' id='word_1_83' title='bbox 945 1149 982 1190; x_wconf 71' lang='lat' dir='ltr'>mo</span> 
     </span>
     <span class='ocr_line' id='line_1_15' title="bbox 128 1209 761 1282; baseline 0.006 -20"><span class='ocrx_word' id='word_1_84' title='bbox 128 1209 263 1264; x_wconf 81' lang='lat' dir='ltr'>Exercent</span> <span class='ocrx_word' id='word_1_85' title='bbox 281 1211 385 1279; x_wconf 88' lang='lat' dir='ltr'>patrias</span> <span class='ocrx_word' id='word_1_86' title='bbox 402 1212 461 1266; x_wconf 92' lang='lat' dir='ltr'>oleo</span> <span class='ocrx_word' id='word_1_87' title='bbox 479 1212 589 1266; x_wconf 90' lang='lat' dir='ltr'>labente</span> <span class='ocrx_word' id='word_1_88' title='bbox 607 1213 761 1282; x_wconf 90' lang='lat' dir='ltr'>palaestras</span> 
     </span>
     <span class='ocr_line' id='line_1_16' title="bbox 127 1285 724 1352; baseline 0.008 -14"><span class='ocrx_word' id='word_1_89' title='bbox 127 1285 232 1339; x_wconf 82' lang='lat' dir='ltr'>Nudati</span> <span class='ocrx_word' id='word_1_90' title='bbox 251 1287 331 1352; x_wconf 88' lang='lat' dir='ltr'>socii;</span> <span class='ocrx_word' id='word_1_91' title='bbox 348 1289 425 1342; x_wconf 89' lang='lat' dir='ltr'>iuvat</span> <span class='ocrx_word' id='word_1_92' title='bbox 444 1290 561 1343; x_wconf 87' lang='lat' dir='ltr'>evasisse</span> <span class='ocrx_word' id='word_1_93' title='bbox 580 1294 623 1343; x_wconf 91' lang='lat' dir='ltr'>tot</span> <span class='ocrx_word' id='word_1_94' title='bbox 641 1289 724 1343; x_wconf 89' lang='lat' dir='ltr'>urbes</span> 
     </span>
     <span class='ocr_line' id='line_1_17' title="bbox 128 1363 877 1434; baseline 0.007 -19"><span class='ocrx_word' id='word_1_95' title='bbox 128 1363 269 1430; x_wconf 89' lang='lat' dir='ltr'>Argolicas</span> <span class='ocrx_word' id='word_1_96' title='bbox 287 1363 446 1432; x_wconf 89' lang='lat' dir='ltr'>mediosque</span> <span class='ocrx_word' id='word_1_97' title='bbox 463 1366 556 1434; x_wconf 84' lang='lat' dir='ltr'>fugam</span> <span class='ocrx_word' id='word_1_98' title='bbox 576 1368 697 1419; x_wconf 86' lang='lat' dir='ltr'>tenuisse</span> <span class='ocrx_word' id='word_1_99' title='bbox 715 1383 765 1434; x_wconf 87' lang='lat' dir='ltr'>per</span> <span class='ocrx_word' id='word_1_100' title='bbox 783 1366 877 1420; x_wconf 85' lang='lat' dir='ltr'>hostis.</span> 
     </span>
     <span class='ocr_line' id='line_1_18' title="bbox 128 1438 806 1509; baseline 0.003 -18"><span class='ocrx_word' id='word_1_101' title='bbox 128 1438 239 1493; x_wconf 88' lang='lat' dir='ltr'>interea</span> <span class='ocrx_word' id='word_1_102' title='bbox 257 1457 382 1509; x_wconf 88' lang='lat' dir='ltr'>magrmm</span> <span class='ocrx_word' id='word_1_103' title='bbox 402 1442 442 1495; x_wconf 92' lang='lat' dir='ltr'>sol</span> <span class='ocrx_word' id='word_1_104' title='bbox 461 1442 681 1496; x_wconf 84' lang='lat' dir='ltr'>circumvolvitur</span> <span class='ocrx_word' id='word_1_105' title='bbox 698 1457 806 1508; x_wconf 89' lang='lat' dir='ltr'>annum,</span> 
     </span>
     <span class='ocr_line' id='line_1_19' title="bbox 127 1515 982 1589; baseline 0.004 -20"><span class='ocrx_word' id='word_1_106' title='bbox 127 1515 163 1569; x_wconf 78' lang='lat' dir='ltr'>ia</span> <span class='ocrx_word' id='word_1_107' title='bbox 180 1517 302 1584; x_wconf 86' lang='lat' dir='ltr'>glacialis</span> <span class='ocrx_word' id='word_1_108' title='bbox 320 1519 427 1589; x_wconf 82' lang='lat' dir='ltr'>hiemps</span> <span class='ocrx_word' id='word_1_109' title='bbox 445 1519 619 1589; x_wconf 85' lang='lat' dir='ltr'>aquilonibus</span> <span class='ocrx_word' id='word_1_110' title='bbox 637 1522 747 1586; x_wconf 85' lang='lat' dir='ltr'>asperat</span> <span class='ocrx_word' id='word_1_111' title='bbox 765 1517 860 1571; x_wconf 87' lang='lat' dir='ltr'>undas.</span> <span class='ocrx_word' id='word_1_112' title='bbox 946 1533 982 1572; x_wconf 78' lang='lat' dir='ltr'>aaa</span> 
     </span>
     <span class='ocr_line' id='line_1_20' title="bbox 128 1593 845 1664; baseline 0 -18"><span class='ocrx_word' id='word_1_113' title='bbox 128 1596 202 1647; x_wconf 90' lang='lat' dir='ltr'>Aere</span> <span class='ocrx_word' id='word_1_114' title='bbox 219 1611 285 1648; x_wconf 77' lang='lat' dir='ltr'>ervo</span> <span class='ocrx_word' id='word_1_115' title='bbox 303 1596 427 1664; x_wconf 87' lang='lat' dir='ltr'>clipeum,</span> <span class='ocrx_word' id='word_1_116' title='bbox 447 1598 538 1664; x_wconf 86' lang='lat' dir='ltr'>magni</span> <span class='ocrx_word' id='word_1_117' title='bbox 555 1600 696 1663; x_wconf 86' lang='lat' dir='ltr'>gestamen</span> <span class='ocrx_word' id='word_1_118' title='bbox 717 1593 845 1660; x_wconf 91' lang='lat' dir='ltr'>Abantis,</span> 
     </span>
     <span class='ocr_line' id='line_1_21' title="bbox 128 1669 846 1742; baseline -0.008 -15"><span class='ocrx_word' id='word_1_119' title='bbox 128 1669 256 1727; x_wconf 87' lang='lat' dir='ltr'>Postibus</span> <span class='ocrx_word' id='word_1_120' title='bbox 275 1673 398 1728; x_wconf 89' lang='lat' dir='ltr'>adversis</span> <span class='ocrx_word' id='word_1_121' title='bbox 416 1674 478 1742; x_wconf 88' lang='lat' dir='ltr'>figo,</span> <span class='ocrx_word' id='word_1_122' title='bbox 496 1680 525 1726; x_wconf 88' lang='lat' dir='ltr'>et</span> <span class='ocrx_word' id='word_1_123' title='bbox 544 1689 601 1724; x_wconf 90' lang='lat' dir='ltr'>rem</span> <span class='ocrx_word' id='word_1_124' title='bbox 619 1670 739 1723; x_wconf 86' lang='lat' dir='ltr'>carmine</span> <span class='ocrx_word' id='word_1_125' title='bbox 758 1669 846 1736; x_wconf 84' lang='lat' dir='ltr'>signo:</span> 
     </span>
     <span class='ocr_line' id='line_1_22' title="bbox 129 1749 808 1804; baseline -0.006 -4"><span class='ocrx_word' id='word_1_126' title='bbox 129 1749 245 1804; x_wconf 73' lang='lat' dir='ltr'>Annuus</span> <span class='ocrx_word' id='word_1_127' title='bbox 264 1766 340 1804; x_wconf 74' lang='lat' dir='ltr'>usne</span> <span class='ocrx_word' id='word_1_128' title='bbox 359 1767 396 1804; x_wconf 81' lang='lat' dir='ltr'>nn</span> <span class='ocrx_word' id='word_1_129' title='bbox 416 1765 520 1804; x_wconf 77' lang='lat' dir='ltr'>nausis</span> <span class='ocrx_word' id='word_1_130' title='bbox 538 1760 702 1800; x_wconf 78' lang='lat' dir='ltr'>mereamus</span> <span class='ocrx_word' id='word_1_131' title='bbox 721 1760 808 1798; x_wconf 75' lang='lat' dir='ltr'>suun.</span> 
     </span>
    </p>

    <p class='ocr_par' dir='ltr' id='par_1_9' title="bbox 128 1820 981 2125">
     <span class='ocr_line' id='line_1_23' title="bbox 129 1820 913 1896; baseline -0.008 -19"><span class='ocrx_word' id='word_1_132' title='bbox 129 1824 265 1894; x_wconf 86' lang='lat' dir='ltr'>Linquere</span> <span class='ocrx_word' id='word_1_133' title='bbox 283 1831 342 1880; x_wconf 84' lang='lat' dir='ltr'>turn</span> <span class='ocrx_word' id='word_1_134' title='bbox 361 1831 456 1896; x_wconf 85' lang='lat' dir='ltr'>portus</span> <span class='ocrx_word' id='word_1_135' title='bbox 474 1825 554 1878; x_wconf 92' lang='lat' dir='ltr'>iubeo</span> <span class='ocrx_word' id='word_1_136' title='bbox 573 1827 602 1876; x_wconf 90' lang='lat' dir='ltr'>et</span> <span class='ocrx_word' id='word_1_137' title='bbox 620 1821 760 1875; x_wconf 89' lang='lat' dir='ltr'>considere</span> <span class='ocrx_word' id='word_1_138' title='bbox 778 1820 913 1874; x_wconf 72' lang='lat' dir='ltr'>transtris.</span> 
     </span>
     <span class='ocr_line' id='line_1_24' title="bbox 129 1901 981 1965; baseline -0.005 -11"><span class='ocrx_word' id='word_1_139' title='bbox 129 1901 261 1956; x_wconf 82' lang='lat' dir='ltr'>Certatim</span> <span class='ocrx_word' id='word_1_140' title='bbox 281 1904 344 1956; x_wconf 89' lang='lat' dir='ltr'>socii</span> <span class='ocrx_word' id='word_1_141' title='bbox 363 1904 464 1956; x_wconf 85' lang='lat' dir='ltr'>feriunt</span> <span class='ocrx_word' id='word_1_142' title='bbox 482 1917 557 1953; x_wconf 89' lang='lat' dir='ltr'>mare</span> <span class='ocrx_word' id='word_1_143' title='bbox 576 1903 604 1952; x_wconf 90' lang='lat' dir='ltr'>et</span> <span class='ocrx_word' id='word_1_144' title='bbox 622 1914 742 1965; x_wconf 90' lang='lat' dir='ltr'>aequora</span> <span class='ocrx_word' id='word_1_145' title='bbox 759 1907 879 1949; x_wconf 84' lang='lat' dir='ltr'>verrunt.</span> <span class='ocrx_word' id='word_1_146' title='bbox 944 1911 981 1950; x_wconf 81' lang='lat' dir='ltr'>aso</span> 
     </span>
     <span class='ocr_line' id='line_1_25' title="bbox 129 1974 844 2040; baseline -0.006 -11"><span class='ocrx_word' id='word_1_147' title='bbox 129 1977 257 2033; x_wconf 86' lang='lat' dir='ltr'>Protinus</span> <span class='ocrx_word' id='word_1_148' title='bbox 275 1981 361 2033; x_wconf 85' lang='lat' dir='ltr'>aerias</span> <span class='ocrx_word' id='word_1_149' title='bbox 381 1979 532 2032; x_wconf 84' lang='lat' dir='ltr'>Phaeacum</span> <span class='ocrx_word' id='word_1_150' title='bbox 551 1974 743 2028; x_wconf 89' lang='lat' dir='ltr'>abscondimus</span> <span class='ocrx_word' id='word_1_151' title='bbox 762 1989 844 2040; x_wconf 85' lang='lat' dir='ltr'>arces,</span> 
     </span>
     <span class='ocr_line' id='line_1_26' title="bbox 128 2050 800 2125; baseline -0.004 -19"><span class='ocrx_word' id='word_1_152' title='bbox 128 2054 275 2125; x_wconf 87' lang='lat' dir='ltr'>Litoraque</span> <span class='ocrx_word' id='word_1_153' title='bbox 295 2056 370 2124; x_wconf 86' lang='lat' dir='ltr'>Epiri</span> <span class='ocrx_word' id='word_1_154' title='bbox 389 2055 505 2121; x_wconf 86' lang='lat' dir='ltr'>legimus</span> <span class='ocrx_word' id='word_1_155' title='bbox 523 2056 661 2120; x_wconf 88' lang='lat' dir='ltr'>portuque</span> <span class='ocrx_word' id='word_1_156' title='bbox 679 2050 800 2104; x_wconf 87' lang='lat' dir='ltr'>subimus</span> 
     </span>
    </p>

    <p class='ocr_par' dir='ltr' id='par_1_10' title="bbox 128 2127 852 2185">
     <span class='ocr_line' id='line_1_27' title="bbox 128 2127 852 2185; baseline -0.006 0"><span class='ocrx_word' id='word_1_157' title='bbox 128 2131 247 2185; x_wconf 87' lang='lat' dir='ltr'>Chaonio</span> <span class='ocrx_word' id='word_1_158' title='bbox 266 2135 295 2185; x_wconf 90' lang='lat' dir='ltr'>ct</span> <span class='ocrx_word' id='word_1_159' title='bbox 311 2132 410 2184; x_wconf 87' lang='lat' dir='ltr'>celsam</span> <span class='ocrx_word' id='word_1_160' title='bbox 431 2129 559 2182; x_wconf 88' lang='lat' dir='ltr'>Buthroti</span> <span class='ocrx_word' id='word_1_161' title='bbox 577 2127 731 2182; x_wconf 89' lang='lat' dir='ltr'>accedimus</span> <span class='ocrx_word' id='word_1_162' title='bbox 749 2128 852 2181; x_wconf 87' lang='lat' dir='ltr'>urbem.</span> 
     </span>
    </p>

    <p class='ocr_par' dir='ltr' id='par_1_11' title="bbox 128 2206 981 2582">
     <span class='ocr_line' id='line_1_28' title="bbox 163 2206 825 2276; baseline -0.003 -16"><span class='ocrx_word' id='word_1_163' title='bbox 163 2208 215 2262; x_wconf 92' lang='lat' dir='ltr'>Hic</span> <span class='ocrx_word' id='word_1_164' title='bbox 233 2206 399 2261; x_wconf 90' lang='lat' dir='ltr'>incredibilis</span> <span class='ocrx_word' id='word_1_165' title='bbox 418 2222 510 2258; x_wconf 86' lang='lat' dir='ltr'>rerum</span> <span class='ocrx_word' id='word_1_166' title='bbox 528 2206 600 2258; x_wconf 87' lang='lat' dir='ltr'>sama</span> <span class='ocrx_word' id='word_1_167' title='bbox 619 2211 734 2276; x_wconf 88' lang='lat' dir='ltr'>occupat</span> <span class='ocrx_word' id='word_1_168' title='bbox 751 2206 825 2258; x_wconf 86' lang='lat' dir='ltr'>auris</span> 
     </span>
     <span class='ocr_line' id='line_1_29' title="bbox 128 2282 981 2351; baseline 0 -15"><span class='ocrx_word' id='word_1_169' title='bbox 128 2284 284 2337; x_wconf 90' lang='lat' dir='ltr'>Priamiden</span> <span class='ocrx_word' id='word_1_170' title='bbox 304 2283 440 2335; x_wconf 90' lang='lat' dir='ltr'>Helenum</span> <span class='ocrx_word' id='word_1_171' title='bbox 460 2282 557 2336; x_wconf 86' lang='lat' dir='ltr'>Graias</span> <span class='ocrx_word' id='word_1_172' title='bbox 576 2301 691 2351; x_wconf 89' lang='lat' dir='ltr'>regnare</span> <span class='ocrx_word' id='word_1_173' title='bbox 709 2300 760 2351; x_wconf 91' lang='lat' dir='ltr'>per</span> <span class='ocrx_word' id='word_1_174' title='bbox 777 2283 867 2348; x_wconf 76' lang='lat' dir='ltr'>urbae,</span> <span class='ocrx_word' id='word_1_175' title='bbox 944 2297 981 2336; x_wconf 79' lang='lat' dir='ltr'>aaa</span> 
     </span>
     <span class='ocr_line' id='line_1_30' title="bbox 128 2359 865 2429; baseline -0.004 -15"><span class='ocrx_word' id='word_1_176' title='bbox 128 2361 259 2428; x_wconf 87' lang='lat' dir='ltr'>Coniugio</span> <span class='ocrx_word' id='word_1_177' title='bbox 280 2359 416 2413; x_wconf 88' lang='lat' dir='ltr'>Aeacidae</span> <span class='ocrx_word' id='word_1_178' title='bbox 435 2359 533 2429; x_wconf 73' lang='lat' dir='ltr'>Pyrrhi</span> <span class='ocrx_word' id='word_1_179' title='bbox 552 2360 721 2428; x_wconf 89' lang='lat' dir='ltr'>sceptrisque</span> <span class='ocrx_word' id='word_1_180' title='bbox 739 2360 865 2428; x_wconf 88' lang='lat' dir='ltr'>potitum,</span> 
     </span>
     <span class='ocr_line' id='line_1_31' title="bbox 128 2436 874 2505; baseline -0.005 -14"><span class='ocrx_word' id='word_1_181' title='bbox 128 2439 165 2491; x_wconf 83' lang='lat' dir='ltr'>llt</span> <span class='ocrx_word' id='word_1_182' title='bbox 182 2437 271 2505; x_wconf 91' lang='lat' dir='ltr'>patrio</span> <span class='ocrx_word' id='word_1_183' title='bbox 290 2436 501 2490; x_wconf 81' lang='lat' dir='ltr'>Andromachen</span> <span class='ocrx_word' id='word_1_184' title='bbox 519 2437 619 2490; x_wconf 88' lang='lat' dir='ltr'>iterum</span> <span class='ocrx_word' id='word_1_185' title='bbox 638 2437 752 2489; x_wconf 90' lang='lat' dir='ltr'>cessisse</span> <span class='ocrx_word' id='word_1_186' title='bbox 770 2436 874 2489; x_wconf 85' lang='lat' dir='ltr'>marito.</span> 
     </span>
     <span class='ocr_line' id='line_1_32' title="bbox 129 2512 791 2582; baseline -0.003 -16"><span class='ocrx_word' id='word_1_187' title='bbox 129 2513 263 2581; x_wconf 87' lang='lat' dir='ltr'>Obstipui,</span> <span class='ocrx_word' id='word_1_188' title='bbox 282 2512 404 2582; x_wconf 92' lang='lat' dir='ltr'>miroque</span> <span class='ocrx_word' id='word_1_189' title='bbox 422 2514 561 2567; x_wconf 91' lang='lat' dir='ltr'>incensum</span> <span class='ocrx_word' id='word_1_190' title='bbox 579 2517 674 2581; x_wconf 89' lang='lat' dir='ltr'>pectus</span> <span class='ocrx_word' id='word_1_191' title='bbox 692 2528 791 2579; x_wconf 89' lang='lat' dir='ltr'>amore,</span> 
     </span>
    </p>

    <p class='ocr_par' dir='ltr' id='par_1_12' title="bbox 128 2589 981 2813">
     <span class='ocr_line' id='line_1_33' title="bbox 129 2589 847 2657; baseline -0.003 -15"><span class='ocrx_word' id='word_1_192' title='bbox 129 2589 298 2657; x_wconf 83' lang='lat' dir='ltr'>Compellare</span> <span class='ocrx_word' id='word_1_193' title='bbox 317 2589 405 2642; x_wconf 92' lang='lat' dir='ltr'>virum</span> <span class='ocrx_word' id='word_1_194' title='bbox 424 2595 454 2644; x_wconf 88' lang='lat' dir='ltr'>et</span> <span class='ocrx_word' id='word_1_195' title='bbox 471 2607 549 2643; x_wconf 89' lang='lat' dir='ltr'>casus</span> <span class='ocrx_word' id='word_1_196' title='bbox 567 2605 730 2656; x_wconf 85' lang='lat' dir='ltr'>cognoscere</span> <span class='ocrx_word' id='word_1_197' title='bbox 747 2591 847 2641; x_wconf 83' lang='lat' dir='ltr'>tantos</span> 
     </span>
     <span class='ocr_line' id='line_1_34' title="bbox 128 2665 981 2734; baseline 0.001 -16"><span class='ocrx_word' id='word_1_198' title='bbox 128 2666 293 2734; x_wconf 88' lang='lat' dir='ltr'>Progredior</span> <span class='ocrx_word' id='word_1_199' title='bbox 311 2673 399 2734; x_wconf 88' lang='lat' dir='ltr'>portu,</span> <span class='ocrx_word' id='word_1_200' title='bbox 418 2667 511 2720; x_wconf 86' lang='lat' dir='ltr'>classis</span> <span class='ocrx_word' id='word_1_201' title='bbox 530 2671 559 2720; x_wconf 85' lang='lat' dir='ltr'>et</span> <span class='ocrx_word' id='word_1_202' title='bbox 576 2665 657 2718; x_wconf 86' lang='lat' dir='ltr'>litora</span> <span class='ocrx_word' id='word_1_203' title='bbox 674 2665 814 2733; x_wconf 86' lang='lat' dir='ltr'>linqueus;</span> <span class='ocrx_word' id='word_1_204' title='bbox 945 2680 981 2719; x_wconf 81' lang='lat' dir='ltr'>ooo</span> 
     </span>
     <span class='ocr_line' id='line_1_35' title="bbox 129 2741 788 2813; baseline -0.003 -15"><span class='ocrx_word' id='word_1_205' title='bbox 129 2743 271 2798; x_wconf 89' lang='lat' dir='ltr'>Sollemnis</span> <span class='ocrx_word' id='word_1_206' title='bbox 289 2761 350 2796; x_wconf 90' lang='lat' dir='ltr'>cum</span> <span class='ocrx_word' id='word_1_207' title='bbox 369 2744 440 2798; x_wconf 83' lang='lat' dir='ltr'>forte</span> <span class='ocrx_word' id='word_1_208' title='bbox 459 2743 543 2813; x_wconf 86' lang='lat' dir='ltr'>dapes</span> <span class='ocrx_word' id='word_1_209' title='bbox 561 2747 590 2797; x_wconf 92' lang='lat' dir='ltr'>et</span> <span class='ocrx_word' id='word_1_210' title='bbox 608 2743 699 2796; x_wconf 84' lang='lat' dir='ltr'>tristia</span> <span class='ocrx_word' id='word_1_211' title='bbox 716 2741 788 2796; x_wconf 87' lang='lat' dir='ltr'>dona</span> 
     </span>
    </p>

    <p class='ocr_par' dir='ltr' id='par_1_13' title="bbox 129 2819 981 3196">
     <span class='ocr_line' id='line_1_36' title="bbox 130 2819 860 2875; baseline -0.003 -1"><span class='ocrx_word' id='word_1_212' title='bbox 130 2822 204 2874; x_wconf 83' lang='lat' dir='ltr'>Ante</span> <span class='ocrx_word' id='word_1_213' title='bbox 222 2819 318 2873; x_wconf 93' lang='lat' dir='ltr'>urbem</span> <span class='ocrx_word' id='word_1_214' title='bbox 336 2821 364 2873; x_wconf 94' lang='lat' dir='ltr'>in</span> <span class='ocrx_word' id='word_1_215' title='bbox 381 2821 443 2875; x_wconf 92' lang='lat' dir='ltr'>luco</span> <span class='ocrx_word' id='word_1_216' title='bbox 460 2822 521 2874; x_wconf 87' lang='lat' dir='ltr'>falsi</span> <span class='ocrx_word' id='word_1_217' title='bbox 541 2821 686 2874; x_wconf 78' lang='lat' dir='ltr'>Simoentis</span> <span class='ocrx_word' id='word_1_218' title='bbox 704 2819 740 2872; x_wconf 91' lang='lat' dir='ltr'>ad</span> <span class='ocrx_word' id='word_1_219' title='bbox 757 2820 860 2873; x_wconf 88' lang='lat' dir='ltr'>undam</span> 
     </span>
     <span class='ocr_line' id='line_1_37' title="bbox 129 2895 854 2964; baseline -0.003 -14"><span class='ocrx_word' id='word_1_220' title='bbox 129 2895 246 2950; x_wconf 81' lang='lat' dir='ltr'>Libebat</span> <span class='ocrx_word' id='word_1_221' title='bbox 264 2897 348 2950; x_wconf 93' lang='lat' dir='ltr'>cineri</span> <span class='ocrx_word' id='word_1_222' title='bbox 367 2897 559 2951; x_wconf 86' lang='lat' dir='ltr'>Andromache</span> <span class='ocrx_word' id='word_1_223' title='bbox 578 2896 720 2964; x_wconf 85' lang='lat' dir='ltr'>Mmrisque</span> <span class='ocrx_word' id='word_1_224' title='bbox 739 2895 854 2950; x_wconf 86' lang='lat' dir='ltr'>vocabat</span> 
     </span>
     <span class='ocr_line' id='line_1_38' title="bbox 130 2970 973 3041; baseline -0.005 -13"><span class='ocrx_word' id='word_1_225' title='bbox 130 2975 297 3028; x_wconf 89' lang='lat' dir='ltr'>Hectoreum</span> <span class='ocrx_word' id='word_1_226' title='bbox 316 2973 352 3026; x_wconf 89' lang='lat' dir='ltr'>ad</span> <span class='ocrx_word' id='word_1_227' title='bbox 370 2975 514 3041; x_wconf 85' lang='lat' dir='ltr'>tumulum,</span> <span class='ocrx_word' id='word_1_228' title='bbox 531 2973 611 3026; x_wconf 92' lang='lat' dir='ltr'>viridi</span> <span class='ocrx_word' id='word_1_229' title='bbox 629 2989 710 3041; x_wconf 85' lang='lat' dir='ltr'>quem</span> <span class='ocrx_word' id='word_1_230' title='bbox 728 2973 847 3041; x_wconf 84' lang='lat' dir='ltr'>caespite</span> <span class='ocrx_word' id='word_1_231' title='bbox 864 2970 973 3025; x_wconf 84' lang='lat' dir='ltr'>inanem</span> 
     </span>
     <span class='ocr_line' id='line_1_39' title="bbox 130 3051 981 3119; baseline -0.005 -16"><span class='ocrx_word' id='word_1_232' title='bbox 130 3051 165 3104; x_wconf 81' lang='lat' dir='ltr'>llt</span> <span class='ocrx_word' id='word_1_233' title='bbox 182 3052 313 3119; x_wconf 85' lang='lat' dir='ltr'>geminas,</span> <span class='ocrx_word' id='word_1_234' title='bbox 331 3067 454 3104; x_wconf 85' lang='lat' dir='ltr'>caussam</span> <span class='ocrx_word' id='word_1_235' title='bbox 472 3051 597 3117; x_wconf 84' lang='lat' dir='ltr'>lacrimis,</span> <span class='ocrx_word' id='word_1_236' title='bbox 617 3053 773 3103; x_wconf 79' lang='lat' dir='ltr'>sacraverat</span> <span class='ocrx_word' id='word_1_237' title='bbox 791 3065 859 3101; x_wconf 87' lang='lat' dir='ltr'>aras.</span> <span class='ocrx_word' id='word_1_238' title='bbox 944 3061 981 3100; x_wconf 67' lang='lat' dir='ltr'>aa</span> 
     </span>
     <span class='ocr_line' id='line_1_40' title="bbox 132 3127 826 3196; baseline -0.003 -16"><span class='ocrx_word' id='word_1_239' title='bbox 132 3128 169 3180; x_wconf 93' lang='lat' dir='ltr'>Ut</span> <span class='ocrx_word' id='word_1_240' title='bbox 187 3145 231 3182; x_wconf 91' lang='lat' dir='ltr'>mc</span> <span class='ocrx_word' id='word_1_241' title='bbox 249 3129 391 3196; x_wconf 84' lang='lat' dir='ltr'>conspexit</span> <span class='ocrx_word' id='word_1_242' title='bbox 408 3127 563 3182; x_wconf 85' lang='lat' dir='ltr'>venientem</span> <span class='ocrx_word' id='word_1_243' title='bbox 581 3131 610 3180; x_wconf 91' lang='lat' dir='ltr'>et</span> <span class='ocrx_word' id='word_1_244' title='bbox 629 3127 709 3180; x_wconf 77' lang='lat' dir='ltr'>l&#39;roia</span> <span class='ocrx_word' id='word_1_245' title='bbox 726 3127 826 3180; x_wconf 88' lang='lat' dir='ltr'>circum</span> 
     </span>
    </p>

    <p class='ocr_par' dir='ltr' id='par_1_14' title="bbox 133 3203 844 3272">
     <span class='ocr_line' id='line_1_41' title="bbox 133 3203 844 3272; baseline -0.004 -15"><span class='ocrx_word' id='word_1_246' title='bbox 133 3207 217 3257; x_wconf 85' lang='lat' dir='ltr'>Arma</span> <span class='ocrx_word' id='word_1_247' title='bbox 234 3220 327 3257; x_wconf 87' lang='lat' dir='ltr'>amens</span> <span class='ocrx_word' id='word_1_248' title='bbox 345 3204 423 3272; x_wconf 88' lang='lat' dir='ltr'>vidit,</span> <span class='ocrx_word' id='word_1_249' title='bbox 441 3205 547 3272; x_wconf 82' lang='lat' dir='ltr'>magnis</span> <span class='ocrx_word' id='word_1_250' title='bbox 565 3205 698 3257; x_wconf 79' lang='lat' dir='ltr'>exterrita</span> <span class='ocrx_word' id='word_1_251' title='bbox 714 3203 844 3256; x_wconf 85' lang='lat' dir='ltr'>monstris</span> 
     </span>
    </p>
   </div>
   <div class='ocr_carea' id='block_1_3' title="bbox 0 0 1144 3554">
    <p class='ocr_par' dir='ltr' id='par_1_15' title="bbox 0 0 1144 3554">
     <span class='ocr_line' id='line_1_42' title="bbox 0 0 1144 3554; baseline 0 0"><span class='ocrx_word' id='word_1_252' title='bbox 0 0 1144 3554; x_wconf 95' lang='lat' dir='ltr'> </span> 
     </span>
    </p>
   </div>
  </div>
 </body>
</html>
