2234 3554
125 117 171 166 ‘250
354 115 384 164 P.
401 115 554 164 VERGILI
572 115 738 164 MARONIS

122 213 172 264 Est
190 229 258 281 opus
275 214 304 264 in
323 212 450 264 Teucros.
488 211 604 265 Addunt
622 229 651 265 se
669 212 795 280 protinus
813 227 907 266 omnes

123 287 230 340 lltrusoi
248 289 341 341 socios.
378 287 516 341 Tenebras
535 291 564 341 et
581 289 680 340 inertia
698 289 772 341 furta
941 304 979 344 1⁵⁰

124 363 244 429 Palladii,
264 364 350 416 caesis
369 381 491 417 summae
509 364 669 416 custodibus
689 364 767 432 arcis,

124 440 164 493 Ne
183 441 315 504 timeant;
334 457 385 493 nco
404 441 467 509 equi
485 456 566 492 caeca
584 440 733 493 condemur
750 441 778 492 in
797 441 872 504 alv03

123 515 201 581 Luce,
219 517 317 585 palam,
337 521 443 569 eertum
462 520 505 569 est
523 515 578 583 ig'ni
596 517 766 569 circumdare
783 533 883 570 muros.

124 592 206 645 lluud
224 593 275 646 sibi
294 609 355 646 cum
375 593 475 646 Danais
494 610 552 645 reni
570 593 633 645 saxo
652 597 681 646 et
698 593 771 661 pube
791 593 907 660 Pelasga

125 670 188 722 llsse
200 674 307 738 putent,
316 669 461 722 decumum
471 687 539 738 quos
548 671 657 723 distulit
667 670 772 722 Hector
784 670 811 721 in
820 686 928 723 annum.
941 687 978 725 155

122 745 201 798 Nunc
219 746 296 811 adeo,
315 746 412 799 melior
430 747 558 814 quoniam
577 763 641 814 pars
660 749 721 798 acta
740 745 802 813 diei,

121 821 201 884 Quod
219 828 351 890 superest
370 823 436 875 laeti
454 823 524 875 bone
542 823 628 890 gestis
646 839 759 890 corpora
776 821 861 875 rebus

124 899 279 964 l'rocurate‚
298 898 358 964 viri,
378 902 406 952 et
424 916 545 968 pugnarn
565 902 674 966 sperate
692 899 791 966 parari.

123 975 235 1026 Interea
253 973 365 1041 vigilum
385 975 506 1028 excubiis
526 975 652 1028 obsidere
670 979 764 1044 portas

122 1049 195 1103 Oura
213 1051 296 1103 datur
315 1051 442 1120 Messapo
462 1055 490 1104 et
509 1051 616 1104 moenia
633 1052 742 1118 cingere
761 1051 884 1105 flammis.
939 1065 979 1104 roo

121 1127 169 1180 Bis
188 1132 295 1196 septeni
316 1127 418 1195 Rutuli,
438 1145 530 1180 muros
549 1129 595 1195 qui
614 1128 701 1180 milite
720 1131 837 1191 servent,

121 1203 241 1269 llelecti;
260 1208 304 1258 ast
321 1205 381 1258 illos
400 1205 508 1258 centeni
528 1221 665 1273 quemque
684 1209 837 1272 sequuntur

121 1280 256 1349 Purpurei
275 1281 365 1333 cristis
384 1282 496 1334 iuvenes
515 1297 637 1347 auroque
656 1281 767 1333 corusci.

121 1356 292 1424 Discurrunt,
312 1359 473 1424 variantque
492 1357 571 1420 vices,
590 1357 698 1425 fusique
717 1374 767 1425 per
784 1355 898 1409 herbam

121 1433 271 1500 Indulgent
289 1433 357 1498 vino,
377 1437 406 1486 et
424 1437 537 1486 vertunt
555 1437 675 1490 crateras
693 1449 782 1485 aenos.
939 1449 977 1487 165

121 1509 272 1562 Conlucent
290 1510 383 1576 ignes3
402 1513 510 1562 noctem
530 1509 654 1562 custodia
673 1509 750 1562 ducit

122 1585 278 1638 Insomnem
297 1585 369 1638 ludo.

156 1662 233 1714 Hacc
252 1678 334 1728 super
353 1678 368 1714 e
387 1661 456 1714 vallo
475 1664 652 1731 prospectant
671 1661 763 1729 Troes,
782 1665 810 1715 et
828 1662 910 1715 armis

122 1739 189 1790 Alta
207 1741 321 1801 tenent;
339 1755 389 1790 nec
408 1755 461 1790 nou
479 1739 582 1806 trepidi
601 1738 747 1790 formidine
765 1741 858 1806 portas

121 1815 277 1883 Explorant,
296 1815 442 1882 pontisque
461 1819 490 1868 et
508 1815 713 1883 propugnacula
731 1816 855 1881 iungunt,
939 1828 977 1868 iro

121 1891 186 1944 'Pela
204 1895 310 1959 gerunt.
348 1891 457 1944 Instant
476 1892 636 1944 Mncsthcus
656 1908 774 1958 acerque
794 1891 927 1956 Serestus,

121 1968 195 2031 Quos
213 1981 294 2035 pater
314 1969 430 2033 Aeneae,
450 1968 472 2020 si
492 1967 600 2034 quando
620 1968 735 2020 adversa
753 1969 889 2030 vocarent,

122 2044 253 2098 Rectores
272 2045 399 2097 iuvenum
419 2047 447 2096 et
465 2059 562 2095 reruni·
577 2043 655 2096 dedit
674 2060 733 2096 esse
752 2042 904 2109 magistros.

121 2121 216 2174 Omnis
234 2137 284 2188 per
303 2136 394 2172 muros
412 2119 490 2185 legio,
510 2119 608 2171 sortita
625 2119 766 2187 periclum,

121 2197 246 2250 Excubat
258 2200 422 2264 exercetque
435 2196 515 2260 vices,
529 2195 603 2262 quod
616 2195 715 2262 cuique
724 2194 857 2246 tuendum
870 2195 921 2246 est.
938 2205 976 2246 175

155 2269 240 2325 Nisus
258 2275 318 2324 erat
337 2275 433 2339 portae
451 2275 550 2337 custos,
570 2272 719 2322 acerrimus
738 2270 827 2335 armis,

124 2348 295 2416 Hyrtacides,
315 2346 441 2398 comiteur
462 2347 574 2400 Aeneae
593 2363 675 2414 quein
693 2346 807 2398 miserat
827 2345 878 2397 Ida

120 2424 263 2490 Venatrix,
282 2423 369 2476 iaculo
388 2421 504 2474 celerem
523 2423 682 2491 levibusque
701 2422 824 2489 sagittis3

122 2500 157 2552 Et
175 2501 253 2552 iuxta
272 2515 361 2551 coines
381 2497 521 2564 Euryalus,
541 2516 595 2567 quo
613 2500 752 2568 pulchrior
770 2498 840 2550 alter

121 2577 145 2628 N
148 2593 182 2630 on
199 2576 252 2628 fuit
272 2573 434 2627 Acucadunr
454 2573 569 2627 Troiana
586 2592 675 2643 neque
693 2575 783 2628 induit
802 2589 885 2641 arana,
938 2589 977 2626 is>

121 2653 177 2706 Ora
194 2669 263 2722 puer
281 2651 370 2720 prima
389 2649 497 2716 signans
515 2650 625 2705 intonsa
642 2651 761 2705 iuventa.

122 2729 174 2782 His
192 2745 267 2782 arnor
285 2743 354 2780 unus
373 2732 439 2792 erat,
458 2726 618 2794 pariterque
636 2727 664 2779 in
682 2727 756 2780 bella
773 2726 905 2790 ruebaut3

122 2805 189 2858 Tum
208 2819 317 2874 quoque
335 2801 470 2853 communi
488 2805 597 2868 portani
616 2803 734 2855 statione
752 2801 891 2856 tenebant.

123 2881 205 2933 Nisus
223 2881 274 2932 ait:
294 2877 365 2930 Dine
383 2875 454 2926 hunc
473 2875 598 2928 ardorem
618 2878 755 2931 inentibus
773 2877 887 2944 addunt,

124 2956 246 3023 Euryalo,
266 2971 299 3007 an
319 2968 367 3003 sua
384 2950 482 3015 cuique
501 2949 568 3003 deus
586 2953 618 3005 fit
637 2953 698 3004 dira
716 2952 833 3020 cupidol
937 2968 974 3007 ros

123 3033 180 3082 Aut
198 3047 325 3098 pugnaui,
344 3029 392 3077 aut
407 3024 510 3092 aliquid
524 3026 684 3080 iamdudum
699 3028 829 3081 invadere
843 3044 974 3094 maguum

122 3104 202 3156 Meus
220 3106 308 3171 agitat
325 3101 399 3164 mihi,
418 3116 468 3151 ucc
485 3101 593 3168 placida
611 3108 740 3156 contenta
758 3104 851 3172 quiete
870 3112 919 3157 est

122 3178 225 3246 Cernis,
244 3196 314 3247 quae
333 3174 449 3227 Rutulos
468 3175 567 3230 habeat
585 3179 685 3231 fiducia
702 3195 808 3234 rerum:
