2242 3550
272 216 273 220 ,
353 175 555 224 GEORGIOON
579 176 648 226 LIB.
672 175 709 226 Π.
937 179 966 226 51

109 253 166 308 llic
183 255 255 324 petit
275 255 402 310 exscidiis
420 256 517 310 urbem
535 256 706 326 miserosque
726 256 846 324 Penatis,
932 271 967 311 ses

108 332 150 386 Ut
167 349 277 399 gemma
294 333 373 386 bibat
392 335 421 386 et
440 333 557 386 Sarrano
577 332 696 386 dormiat
715 337 807 398 ostr03

109 408 212 463 Condit
230 425 295 477 opes
313 409 389 470 alius,
409 409 571 478 defossoque
589 409 699 463 incubat
718 427 798 475 auro;

109 485 164 538 Hic
183 488 277 554 stupet
295 486 428 539 attonitus
448 485 570 549 ltostris3
590 486 660 539 hunc
677 487 789 554 plausus
806 487 927 542 hiantem

111 563 165 616 Per
183 580 282 617 cuneos
300 563 455 631 geminatus
474 564 545 617 enim
564 564 707 633 plebisque
726 569 891 633 patrumque

109 640 262 708 Corripuit3
283 639 405 708 gaudent
423 639 526 709 perfusi
546 642 678 708 sanguine
697 643 820 706 fratrum,
932 658 967 697 510

109 717 267 786 Exsilioque
286 718 381 771 domos
399 721 428 771 ct
446 717 535 770 dulcia
553 718 644 770 limina
662 722 777 784 mutant,

109 796 206 862 Atque
225 794 277 848 alio
295 794 412 862 patriam
431 799 567 861 quaerunt
585 794 636 847 sub
655 795 711 855 sole
729 795 871 848 iacentem.

109 870 240 936 Agricola
258 871 368 923 incurvo
386 874 489 923 terram
508 870 622 924 dimovit
640 875 747 925 aratro:

86 943 87 946 ’
109 945 184 999 Hinc
202 947 266 999 armi
284 946 368 1012 labor,
386 945 448 999 hinc
465 947 583 1014 patriam
602 964 754 1016 parvosque
774 947 887 1001 Penatis

109 1022 238 1087 Sustinet
257 1023 320 1076 hinc
338 1026 462 1076 annenta
480 1022 562 1075 boum
580 1025 749 1091 meritosque
767 1024 903 1078 iuvencos.
929 1039 965 1077 51⁵

109 1099 169 1152 Nec
186 1100 303 1168 requies,
323 1099 389 1168 quin
407 1105 455 1153 aut
472 1100 560 1167 pomis
579 1099 712 1154 exuberet
731 1117 826 1166 annus,

109 1179 170 1230 Aut
188 1176 246 1230 ictu
264 1193 401 1246 pecorum,
419 1180 467 1230 aut
486 1175 607 1230 Cerealis
626 1177 742 1244 mergite
760 1178 847 1244 culmi,

109 1251 304 1320 Proventuqne
322 1257 419 1306 oneret
437 1253 524 1306 sulcos
543 1257 627 1322 atque
646 1254 743 1306 horrea
761 1254 855 1308 vincat.

108 1328 196 1382 Venit
214 1329 327 1397 hiemps,
346 1329 448 1382 teritur
466 1329 591 1397 Sicyonia
608 1328 676 1382 baca
694 1331 817 1398 trapetis,

109 1404 217 1458 Glande
235 1422 297 1459 sues
316 1405 380 1459 laeti
399 1405 524 1472 redeunt,
544 1405 613 1459 dant
630 1405 729 1460 arbuta
747 1407 844 1474 silvae;
928 1424 965 1464 tao

108 1481 146 1535 Iit
163 1481 251 1534 varios
270 1482 347 1550 ponit
364 1482 437 1536 lctus
455 1485 609 1549 autumnae,
628 1485 656 1536 et
675 1483 730 1536 alte

109 1557 187 1611 Mitis
204 1558 232 1610 in
250 1559 348 1626 apricis
366 1558 493 1626 coquitur
510 1558 648 1611 vindemia
666 1560 744 1613 saxis.

109 1633 221 1687 Interea
239 1632 332 1688 dulces
350 1635 473 1704 pendent
491 1635 591 1688 circum
610 1636 701 1688 oscula
718 1637 783 1704 nati,

109 1710 192 1764 Casta
209 1711 368 1778 pudicitiam
388 1713 479 1764 servat
498 1711 602 1776 domus,
621 1711 706 1765 ubera
724 1729 820 1767 vaccae

109 1787 211 1839 Lactea
229 1786 388 1853 demittunt,
407 1788 575 1855 pinguesque
593 1789 620 1841 iu
639 1789 762 1856 gramine
781 1791 853 1844 laeto

110 1863 189 1916 Inter
207 1880 236 1917 se
255 1863 377 1916 adversis
395 1864 535 1917 luctantur
552 1865 679 1917 cornibus
697 1864 784 1919 haedi.

109 1937 175 2008 lpse
194 1939 252 1992 dies
271 1940 359 2007 agitat
377 1941 469 2004 festos,
487 1941 618 2009 fususque
637 1957 686 2008 per
704 1940 823 2010 herbam,

109 2015 186 2084 Ignis
204 2015 252 2068 ubi
269 2017 297 2069 in
315 2016 407 2070 medio
426 2019 454 2069 et
473 2016 537 2070 socii
554 2021 661 2070 cratera
679 2023 818 2084 coronant,

109 2091 154 2159 Tc,
173 2091 268 2158 libans,
288 2093 402 2158 Lenaee,
420 2095 507 2159 vocat,
526 2092 687 2161 pecorisque
705 2093 845 2159 magistris

108 2167 218 2222 Velocis
235 2169 314 2222 iaculi
334 2165 483 2222 certamina
500 2169 578 2234 ponit
596 2168 623 2220 in
643 2168 723 2237 ulmo,

109 2245 283 2313 Corporaque
302 2245 403 2312 agresti
422 2244 528 2298 nudant
545 2243 681 2312 praedura
699 2244 858 2311 palaestrae.

109 2320 190 2374 Hanc
209 2321 271 2374 olim
290 2326 398 2374 veteres
416 2319 502 2374 vitam¹
519 2321 747 2389 colueredabini,

109 2397 190 2451 Hanc
209 2397 312 2450 Remus
331 2403 360 2452 ct
377 2399 470 2465 frater,
490 2397 527 2450 sic
545 2397 624 2450 fortis
644 2397 755 2450 Etruria
773 2400 859 2453 crevit

109 2473 218 2527 Scilicet
236 2477 265 2527 et
282 2489 373 2526 rerum
392 2474 465 2527 lacta
483 2477 525 2526 est
543 2473 726 2542 pulcherrima
746 2475 840 2542 Roma,

108 2549 275 2619 Septcmque
293 2565 348 2602 una
365 2549 416 2603 sibi
434 2566 512 2602 muro
530 2549 713 2604 circumdedit
731 2568 813 2604 arces.

108 2627 185 2680 Ante
204 2627 289 2679 etiam
306 2630 445 2694 sceptrum
464 2625 569 2679 Dictaei
588 2627 668 2694 regis,
689 2632 717 2681 ct
736 2631 799 2681 anto
820 2638 825 2646 ’

46 2736 49 2740 ,
109 2703 199 2772 Impia
217 2719 300 2772 quam
318 2703 402 2756 caesis
420 2721 487 2772 gens
506 2706 549 2755 est
568 2704 677 2772 epulata
696 2705 823 2772 iuvencis,

109 2779 218 2835 Aureus
236 2779 305 2833 hanc
322 2780 407 2833 vitam
426 2781 554 2832 interris
574 2781 710 2834 Saturnus
729 2781 839 2849 agebat:

108 2855 235 2909 Necdum
253 2856 336 2910 etiam
355 2857 498 2910 audierant
516 2858 603 2910 inflari
623 2858 741 2925 classica,
761 2857 877 2910 necdum

108 2931 248 3001 Inpositos
266 2933 343 2986 duris
361 2936 495 3002 crepitare
513 2935 656 2988 incudibus
676 2951 759 2988 cases.
928 2948 964 2986 eso

143 3009 198 3062 Sed
217 3029 264 3064 nos
282 3014 434 3067 inmensum
454 3015 547 3082 spatiis
566 3013 727 3066 confecimus
745 3029 854 3080 aequor,

107 3083 144 3140 'ut
161 3087 215 3209 ibam
233 3091 343 3157 tempus
361 3107 461 3159 equum
480 3090 613 3142 fumantia
631 3089 736 3168 solvere
754 3089 829 3142 colla.

457 3248 467 3276 t
