2274 3554
448 131 631 180 AENEIDOS
647 132 716 180 LIB.
733 129 756 178 Ι.
998 135 1030 184 86

172 215 245 266 Saxa
262 216 361 266 vocant
381 211 446 265 Itali
465 211 564 264 mediis
582 229 654 280 quae
672 212 700 264 in
719 212 848 268 fluetibus
867 215 974 268 Aras-

172 288 289 342 Dorsum
308 287 417 340 inmane
436 287 504 340 muri
524 303 643 352 smmum
665 289 716 342 tris
735 291 824 344 Eurus
842 291 878 344 ab
895 294 951 346 alto
994 305 1031 346 uu

172 364 205 417 In
224 363 317 416 breuia
336 367 366 416 ct
384 364 471 431 Syrtis
490 367 597 430 urguet,
615 365 771 428 miserabile
790 367 858 435 uisu,

171 439 328 508 Inliditquc
347 439 526 508 radiantque
545 457 645 509 aggere
663 442 749 509 cingit
767 461 874 498 arenae.

172 517 272 584 Unam,
293 533 363 585 quae
383 517 478 583 Lycios
498 518 638 586 fidumque
657 519 775 572 vehebat
794 521 923 589 Oronten,

171 595 262 663 Ipsius
281 597 345 646 ante
365 593 455 646 oeulos
474 595 569 660 ingens
588 612 603 646 a
623 595 725 648 vertice
743 600 843 664 pontus

172 671 205 724 ln
223 670 336 740 puppim
355 670 434 723 ferit:
457 671 596 745 excutitur
615 687 772 740 pronusque
791 675 922 740 niagister
992 689 1028 728 ue

172 747 298 800 Volvitur
316 748 343 800 in
364 751 459 815 cuput;
480 751 523 799 nst
541 747 614 799 illam
634 752 678 800 ter
696 747 795 801 fluctus
812 749 914 802 ibidem

173 823 292 892 Torquet
305 841 388 891 agens
400 825 509 889 circum,
524 829 553 876 et
565 825 677 892 rapidus
690 829 768 878 vorat
779 842 899 894 aequore
911 831 1013 880 uertex.

171 901 317 1030 qdparent
336 900 391 954 rari
410 904 509 954 nautes
527 901 555 952 iu
573 902 683 968 gurgite
702 905 786 969 vasto,

199 994 258 1030 rma
276 980 371 1044 virum,
391 977 564 1045 tabulaeque,
583 981 612 1030 et
630 978 709 1030 'l'roia
728 995 795 1045 gaza
812 996 863 1048 per
881 981 974 1034 undas.

171 1053 230 1108 Iam
249 1053 365 1107 validam
386 1053 483 1106 Ilionei
503 1071 607 1120 noveni,
627 1054 681 1106 iam
700 1054 779 1107 fortis
798 1055 928 1122 Achatae,
991 1071 1029 1110 luo

170 1130 205 1183 Ilt
225 1147 279 1199 qua
296 1134 391 1184 vectus
411 1130 495 1194 Abas,
516 1133 544 1184 et
563 1147 618 1198 qua
635 1131 806 1197 grandaevus
826 1131 930 1198 Aletes,

170 1206 244 1260 Vicit
263 1207 384 1274 hiemps3
403 1207 473 1260 laxis
492 1207 609 1260 laterum
629 1207 794 1274 conpagibus
812 1223 923 1276 omncs·

170 1284 317 1352 Accipiunt
336 1283 474 1338 inimicum
494 1282 618 1350 imbrem,
638 1283 768 1352 rimisque
786 1284 921 1337 fatiscunt

205 1359 316 1414 interea
334 1377 433 1428 magno
451 1360 558 1414 misceri
577 1377 719 1413 murmure
737 1363 858 1428 pontum,

169 1437 358 1506 Emissamque
376 1437 493 1490 hiemem
513 1437 598 1490 sensit
618 1437 764 1505 Neptunus
783 1441 812 1490 et
830 1437 892 1490 imis
988 1450 1026 1489 ras

169 1513 270 1580 Stagna
289 1514 382 1567 refusa
401 1514 485 1581 vadis,
505 1515 625 1581 graviter
644 1519 808 1567 commotus:
828 1517 857 1566 et
875 1514 930 1567 alto

168 1589 346 1658 l'rospicicns,
366 1608 471 1644 summa
490 1591 626 1657 placidum
647 1595 729 1659 caput
748 1590 848 1660 extulit
865 1589 947 1643 unda.

168 1665 316 1719 Disiectam
338 1669 449 1719 Aeneae
460 1673 528 1730 ,toto
547 1667 622 1720 videt
642 1684 761 1736 aequore
779 1667 901 1730 classem,

168 1743 311 1796 Fluctibus
330 1757 473 1812 oppressos
493 1742 576 1796 'l'roas
595 1745 719 1812 caelique
740 1744 823 1810 ruina,

159 1819 225 1874 Nec
243 1820 349 1874 latuere
368 1820 423 1872 doli
441 1819 555 1872 fratrem
575 1821 688 1873 Iunonis
707 1825 736 1874 ct
754 1821 816 1874 irae.
948 1865 951 1872 .
989 1835 1025 1873 no

170 1897 270 1949 [lurum
284 1896 319 1950 ad
332 1913 362 1949 se
375 1896 584 1962 Zephyrumque
597 1902 683 1962 vocat,
696 1897 795 1950 dehinc
807 1897 872 1950 talia
884 1898 974 1951 fatur:

201 1973 323 2026 'lantane
341 1989 388 2024 vos
407 1971 514 2038 generis
532 1973 623 2024 tenuit
640 1973 741 2025 fiducia
759 1975 858 2026 vestril

169 2050 226 2102 lam
247 2049 351 2101 caelum
370 2051 528 2115 terramque
547 2061 607 2100 rneo
625 2046 684 2100 sino
703 2048 820 2114 numine,
839 2049 932 2117 Venti,

170 2123 291 2185 lliscere,
311 2128 340 2176 et
359 2127 452 2176 tantas
470 2123 579 2176 audetis
597 2123 694 2176 tollere
713 2123 814 2178 molest

167 2201 241 2263 Quos
254 2203 354 2266 ego-l
381 2200 436 2254 Sed
448 2203 537 2252 motos
549 2203 673 2267 praestat
686 2216 838 2267 conponere
850 2201 956 2256 fluctus
985 2218 1022 2257 aas

169 2276 234 2328 Post
253 2276 318 2328 mihi
337 2293 390 2328 non
410 2275 490 2329 simili
508 2292 596 2343 poena
614 2276 758 2329 commissa
776 2276 863 2330 luetis.

169 2353 307 2405 Maturate
325 2351 426 2422 fugem,
446 2353 561 2421 regique
578 2351 645 2406 haec
665 2352 747 2406 dicite
766 2357 868 2408 vestro:

167 2429 229 2482 Non
247 2429 285 2482 illi
304 2429 438 2498 inperium
458 2429 548 2499 pelagi
568 2446 732 2498 saevumque
752 2431 909 2501 tridentem,

166 2506 221 2559 Sed
240 2507 305 2560 mihi
325 2511 399 2560 sorte
418 2507 521 2560 datum.
560 2507 645 2560 'l'onet
664 2508 710 2561 ille
728 2508 846 2561 inmania
863 2526 937 2576 saxa,

168 2583 288 2651 Vestras,
309 2584 389 2652 Eme,
408 2584 518 2649 dornos;
537 2584 584 2638 illa
602 2601 631 2638 so
650 2585 735 2638 iactet
754 2586 780 2637 in
800 2586 861 2638 aula
984 2599 1020 2638 uo
1080 2615 1088 2628 ·

170 2660 273 2725 Aeolus,
293 2665 320 2714 et
340 2662 429 2714 clauso
449 2667 591 2714 contorum
611 2679 719 2714 carcere
738 2667 841 2730 regnet.

199 2737 243 2792 Sic
260 2739 306 2804 ait,
326 2742 354 2791 et
374 2739 448 2792 dicto
466 2739 546 2792 citius
564 2739 670 2792 tumida
689 2755 808 2805 aequora
825 2739 922 2807 placat,

165 2816 354 2884 Collectasque
372 2817 450 2883 fugat
468 2816 554 2868 nubes
573 2815 712 2884 solemque
731 2815 845 2868 reducit.

149 2893 313 2961 ‘Cymothoe
333 2894 412 2946 simul
431 2898 460 2946 et
478 2894 573 2946 l'riton
593 2892 711 2945 adnixus
730 2895 809 2943 actito

166 2969 324 3022 iletrudunt
341 2970 417 3022 ilaris
435 2970 560 3038 seopulo;
578 2969 655 3039 leuat
669 2969 727 3035 ipso
747 2967 879 3036 occentu
983 2984 1018 3022 nn

167 3045 198 3099 ut
218 3049 311 3098 vastas
329 3047 418 3113 aperit
437 3046 531 3113 Syrtin,
551 3051 579 3098 et
598 3047 734 3111 temperat
753 3059 863 3112 acqrmr,

165 3126 259 3191 Atque
276 3121 345 3174 rotis
364 3139 482 3174 summas
501 3121 606 3174 levibus
624 3120 776 3188 perlabitur
794 3119 885 3173 midas

167 3197 310 3267 Ac-rcluti
329 3215 427 3262 magno
444 3199 472 3252 in
490 3197 590 3266 populo
609 3213 670 3250 cum
690 3212 770 3265 saepe
787 3202 880 3251 coorta
897 3201 940 3252 cst
