2234 3554
128 133 175 178 154
356 129 386 178 P.
404 128 561 197 ynnernr
579 126 746 176 MARONIS

128 207 165 262 Et
177 207 262 261 solem
273 208 411 276 geminum
424 211 453 261 et
466 207 582 276 duplicis
594 223 623 261 se
635 207 782 264 ostendere
793 209 902 264 'lhebas
909 229 915 273 ;
944 223 981 263 aro

130 285 188 337 Aut
207 284 438 352 Agamemnonius
456 284 561 338 scaenis
578 283 699 351 agitatus
718 283 831 340 Orestes

131 361 272 414 Armatam
291 360 393 414 facibus
411 364 526 414 matrem
545 364 575 413 et
593 360 766 428 serpentibus
783 363 852 417 atris

128 437 196 490 Cum
214 437 293 506 fugit,
310 437 479 505 ultricesque
498 437 595 491 sedent
613 437 641 488 in
658 436 753 491 limine
770 438 862 493 Dirae.

162 513 235 582 Ergo
252 513 299 567 ubi
317 515 442 582 concepit
459 514 545 566 furias
563 513 652 566 evicta
670 512 765 568 dolore

129 591 311 660 Decrevitque
329 590 406 657 mori,
425 594 534 658 tempus
553 606 645 643 secum
663 589 722 658 ipsa
739 590 906 661 modumque
947 607 983 647 4⁷5

128 667 228 736 Exigit,
247 671 283 734 et,
304 671 436 720 maestam
455 666 537 719 dictis
555 665 686 734 adgressa
704 682 832 734 sororem,

128 744 277 798 Consilium
295 743 372 796 voltu
390 743 467 810 tegit,
486 759 518 796 ac
536 759 612 810 spem
630 742 720 795 fronte
739 746 862 798 serenat:

129 820 231 886 Inveni,
249 835 386 888 germana,
405 819 629 886 viam-gratare
647 819 769 872 sorori-

129 898 205 961 Quae
223 896 289 950 mihi
308 896 409 949 reddat
427 911 497 963 eum,
515 894 559 949 vel
577 911 610 948 eo
628 911 672 948 me
691 894 779 949 solvat
797 899 940 949 amantem.

129 973 229 1026 Oceani
247 973 329 1026 finem
347 972 425 1026 iuxta
443 971 583 1040 solemque
601 971 745 1024 cadentem
947 987 982 1024 aar

129 1049 249 1103 Ultimus
268 1049 437 1117 Aethiopum
455 1048 529 1101 locus
546 1051 597 1112 est,
615 1047 663 1100 ubi
680 1063 823 1102 maxumus
843 1047 922 1102 Atlas

131 1128 221 1179 Axem
239 1126 352 1179 humero
370 1128 482 1193 torquet
501 1124 588 1178 stollis
607 1123 769 1177 ardentibus
787 1127 895 1193 aptum:

130 1203 203 1256 Hinc
220 1203 286 1256 mihi
305 1202 440 1269 Massylae
458 1201 549 1268 gentis
566 1203 718 1253 monstrata
736 1200 868 1265 sacerdos

131 1279 317 1348 Hesperidum
335 1279 430 1346 tcnrpli
449 1282 547 1344 custos,
567 1273 717 1346 epulasque
735 1276 846 1330 draconi

130 1355 206 1420 Quae
224 1355 309 1408 dabat
327 1359 357 1408 et
376 1371 466 1407 sacros
484 1354 612 1407 servabat
630 1355 658 1406 in
676 1353 774 1406 arbore
792 1369 889 1419 ramos,
947 1369 983 1405 aaa

130 1433 268 1500 Spargens
286 1430 400 1484 humida
418 1430 498 1483 mella
510 1430 746 1498 soporiferumque
764 1445 888 1498 papaver.

131 1509 208 1562 llaec
226 1525 255 1562 se
272 1507 436 1561 carminibus
454 1506 592 1574 promittit
611 1507 715 1559 solvere
734 1511 849 1572 mentes,

131 1586 203 1650 Quas
221 1583 295 1650 velit,
313 1586 357 1636 ast
374 1582 434 1635 aliis
452 1582 534 1646 duras
552 1582 691 1636 inmittere
709 1599 802 1648 curas;

130 1661 234 1714 Sistens
252 1676 350 1728 aquam
369 1659 465 1722 fluviis,
483 1662 512 1712 et
530 1663 638 1712 vertere
657 1658 748 1712 sidera
765 1662 855 1724 retro;

131 1737 154 1810 N
158 1741 340 1805 octurnosque
358 1735 414 1789 cict
432 1735 536 1800 Manis;
555 1735 660 1802 mugire
677 1735 784 1789 videbis
948 1751 984 1788 aar

130 1815 186 1868 Sub
204 1813 321 1884 pedibus
339 1817 450 1879 terram,
469 1815 498 1866 et
516 1811 683 1866 descendere
700 1812 837 1868 montibus
855 1827 941 1866 ornos

116 1887 234 1958 'Teston
254 1907 325 1956 cara,
345 1889 411 1943 deos
429 1893 458 1943 et
475 1892 512 1957 to,
530 1904 667 1956 gennano„
688 1891 821 1957 tuumque

130 1969 217 2022 Dulce
236 1971 326 2036 caput,
344 1966 463 2034 magicas
480 1966 592 2018 invitam
612 1965 746 2032 accingier
764 1967 838 2019 artis.

130 2045 171 2099 Tu
188 2049 294 2099 secreta
311 2059 406 2112 pyram
424 2046 498 2096 tecto
516 2042 647 2096 interiore
664 2041 715 2094 sub
733 2057 813 2095 auras

131 2121 220 2189 Erige,
239 2125 269 2175 et
286 2137 362 2174 arma
380 2121 438 2186 viri,
457 2119 577 2173 thalamo
595 2133 666 2186 quae
684 2118 738 2170 fixa
755 2116 869 2184 reliquit
949 2131 985 2168 ses

132 2198 242 2266 Impius,
261 2198 426 2264 exuviasque
444 2197 538 2262 omnis,
556 2195 713 2262 lectumque
731 2193 855 2260 iugalem,

131 2273 190 2337 Quo
208 2275 286 2342 perii,
304 2274 531 2342 superinponant:
552 2270 662 2322 abolere
679 2268 788 2322 nefandi

131 2350 236 2403 Cuncta
253 2349 304 2402 viri
321 2352 498 2400 monumenta
516 2347 599 2411 iuvat,
619 2347 808 2411 monstratque
826 2339 953 2394 sacerdos

132 2427 209 2478 Haec
227 2425 308 2478 effata
327 2425 403 2488 silet;
424 2423 511 2490 pallor
529 2421 609 2474 simul
626 2422 740 2486 occupat
758 2434 812 2470 ora.

133 2501 193 2554 Non
211 2503 303 2554 tamen
323 2502 404 2552 Anna
422 2499 498 2551 novis
516 2500 679 2566 praetexere
697 2494 794 2547 funere
812 2493 896 2546 sacris
949 2507 985 2545 suo

131 2577 294 2630 Germanum
312 2575 408 2640 credit,
427 2589 477 2626 nec
494 2577 586 2626 tantos
604 2575 695 2625 mente
712 2570 818 2623 furores

131 2652 264 2720 Concipit,
282 2654 330 2705 aut
347 2651 472 2719 graviora
489 2651 577 2717 timet,
597 2663 678 2718 quam
698 2650 787 2700 morte
805 2646 924 2716 Sychaei.

104 2765 108 2772 -
132 2729 205 2796 Ergo
222 2729 295 2782 iussa
314 2732 399 2797 parat.
711 2748 714 2754 ·

167 2808 208 2858 At
226 2807 326 2874 regina,
344 2821 412 2874 pyra
429 2803 565 2873 penetrali
583 2803 611 2856 in
630 2801 695 2857 sede
713 2800 765 2855 sub
783 2815 864 2855 auras

132 2883 232 2936 lireota
248 2883 352 2952 ingenti
369 2880 460 2936 taedis
477 2883 562 2948 atque
579 2881 641 2934 ilice
659 2882 741 2948 secta,
950 2891 986 2930 sos

133 2959 312 3028 Intenditque
331 2960 420 3013 locum
438 2957 520 3012 sertis
538 2960 567 3011 et
584 2956 683 3010 fronde
700 2957 812 3010 coronat

133 3035 273 3103 Funerea;
294 3053 377 3106 super
394 3036 505 3090 exuvias
523 3049 670 3103 ensemque
687 3031 813 3086 relictum

133 3113 312 3182 Effigiemquo
330 3119 391 3167 toro
409 3113 488 3178 locat,
507 3111 581 3166 hand
598 3111 694 3179 ignara
712 3107 805 3162 futuri.

133 3187 215 3243 Stant
231 3206 296 3243 arae
314 3190 421 3254 circum,
441 3193 470 3243 et
488 3189 570 3242 crinis
588 3188 673 3242 effusa
690 3183 818 3239 sacerdos
