2234 3554
399 133 582 181 AIINEIDOS
600 132 669 181 LIB.
688 128 769 180 VIII.
952 131 997 182 237

153 219 266 286 Accepit
285 218 390 270 solitam
411 216 555 277 flairimant,
574 218 712 282 notusque
729 215 862 270 medullas

151 296 269 348 Intravit
287 294 366 357 calor,
385 299 415 345 et
433 291 567 344 labefacta
584 307 634 359 per
651 307 714 344 ossa
732 292 864 348 cucurrit:
965 302 1002 344 aaa

149 372 174 424 N
177 389 211 424 on
230 387 308 423 secus
326 373 410 438 atque
428 369 499 434 olim,
519 367 623 420 tonitru
642 385 703 421 cum
722 373 804 436 rupta
821 384 932 422 corusco

151 448 237 516 Ignea
254 448 325 500 rima
342 448 444 500 micans
462 445 599 514 percurrit
617 445 719 498 lumine
737 445 850 499 nimbos,

150 525 242 578 Sensit
260 525 333 576 laeta
350 522 421 576 dolis
439 527 469 574 ct
487 523 590 574 formae
608 521 715 574 conscia
733 523 855 575 coniunx.

150 602 218 654 'Iam
237 605 317 669 pater
335 603 447 652 aeterno
465 599 539 650 fatur
558 599 700 651 devinctus
718 615 823 654 amore:

151 677 223 742 Quid
241 693 351 730 caussas
368 675 441 744 petis
460 692 493 727 ox
512 674 585 728 altof
608 673 708 728 fiducia
725 676 808 730 cessit
967 688 1003 727 aas

59 815 62 821 ¹
151 753 287 819 Qucum,
307 753 377 819 diva,
396 751 466 806 mcil
504 751 605 804 Similis
624 751 645 804 si
664 769 729 805 cura
746 753 851 820 fuisset,

151 829 219 884 Tum
237 846 346 898 quoque
362 830 404 882 fas
423 828 500 881 nobis
520 828 637 881 Teucros
656 845 763 881 armare
780 829 892 894 fuisset;

150 907 175 958 N
178 923 209 960 ec
229 906 312 959 Pater
331 905 503 972 omnipotens
521 903 630 956 Troiam
649 921 699 957 aec
716 904 774 958 fata
791 902 922 958 vetabant

151 983 230 1036 Stare
249 981 400 1050 decemque
418 981 485 1034 alios
505 981 642 1033 Priamum
661 998 804 1050 superesse
822 999 872 1050 per
890 996 981 1034 annos.

151 1059 187 1113 ut
201 1076 278 1124 nunc,
291 1059 314 1112 si
327 1058 428 1112 bellare
441 1075 521 1126 paras
534 1063 618 1126 atque
631 1058 698 1111 haec
711 1059 761 1112 tibi
774 1075 850 1112 meus
863 1064 914 1124 est,
954 1055 1003 1110 'aaa

151 1135 292 1204 Quidquid
310 1135 337 1186 in
356 1139 416 1188 arte
435 1151 496 1188 mea
514 1151 624 1202 possum
642 1136 805 1202 promittere
823 1151 911 1200 curae,

151 1210 232 1274 Quod
249 1211 308 1264 fieri
326 1211 398 1264 ferro
417 1211 554 1280 liquidove
574 1215 666 1278 potest
685 1211 794 1278 electro,

152 1287 289 1350 Quantum
308 1288 384 1354 ignes
403 1287 565 1355 animaeque
583 1287 681 1354 valent,
701 1287 803 1341 absiste
821 1286 961 1358 precando

153 1363 266 1416 Viribus
285 1363 443 1416 indubItare
463 1364 525 1417 tuis.
564 1363 604 1416 lfa
621 1363 706 1417 verba
723 1363 830 1418 loeutus

152 1438 269 1509 Optatos
288 1439 367 1494 dedit
385 1440 534 1508 amplexus,
553 1440 746 1509 placidumque
765 1440 864 1508 petivit
967 1453 1003 1492 aaa

152 1513 281 1584 Coniugis
299 1516 405 1570 infusus
422 1517 526 1584 gremio
545 1534 594 1586 per
612 1517 736 1570 membra
753 1533 884 1585 soporem.

187 1592 257 1644 Inde
276 1592 322 1646 ubi
341 1593 430 1660 prima
448 1593 526 1660 quies
545 1593 635 1646 medio
654 1595 708 1646 iam
726 1595 814 1647 noctis
830 1593 943 1646 abactae

152 1667 293 1724 Curriculo
311 1668 455 1736 expulerat
473 1685 603 1733 somnum,
623 1687 684 1722 cum
703 1669 803 1722 feurina
820 1669 946 1737 primum,

152 1742 203 1796 Oui
222 1744 340 1797 tolerare
358 1743 417 1802 colo
435 1743 519 1796 vitam
539 1747 671 1812 tenuique
692 1747 816 1798 Minerva

153 1819 315 1888 Inpositam,
334 1820 453 1872 cinerem
472 1824 501 1872 et
521 1821 623 1887 sopitos
643 1823 757 1874 suscitat
775 1822 852 1889 ignis,
968 1834 1004 1874 41⁰

153 1896 268 1948 Noctem
287 1895 392 1948 addens
411 1896 493 1962 operi,
513 1895 682 1962 famulasque
701 1895 737 1947 ad
756 1897 858 1950 lumina
876 1897 957 1965 longo

153 1970 272 2023 Exercet
289 1987 382 2038 penso,
401 1975 505 2022 castum
524 1973 556 2022 ut
575 1987 683 2022 servare
701 1970 790 2024 cubile

153 2045 282 2112 Coniugis
300 2049 328 2098 ct
347 2045 435 2112 possit
452 2061 550 2112 parvos
569 2045 686 2099 educere
706 2053 797 2101 natos:

154 2122 238 2174 Haud
257 2137 334 2174 secus
353 2120 514 2188 Ignipotens
532 2137 582 2174 nec
600 2126 724 2188 tompore
743 2123 852 2190 segnior
870 2123 916 2177 illo

153 2197 282 2251 Mollibus
301 2214 316 2250 e
335 2196 429 2250 stratis
448 2213 533 2264 opera
552 2197 587 2249 ad
606 2197 713 2250 fabrilia
731 2199 825 2266 surgit
969 2214 1004 2254 aa

154 2273 247 2327 Insula
266 2274 401 2328 Sicanium
420 2273 497 2326 iuxta
515 2273 587 2327 latus
608 2274 788 2342 Aeoliamque

154 2351 276 2417 Erigitur
296 2351 419 2420 Liparen,
438 2350 607 2403 firmantibus
625 2350 712 2403 ardua
731 2352 811 2418 saxis,

154 2427 241 2491 Quam
260 2427 354 2480 subter
373 2444 468 2494 specus
487 2431 516 2479 ot
535 2426 680 2495 Cyclopum
699 2444 781 2481 exesa
799 2429 910 2483 caminis

154 2505 245 2556 Antra
265 2506 388 2558 Aetnaea
407 2507 510 2569 tonant,
530 2502 667 2571 validique
686 2503 828 2558 incudibus
847 2507 917 2560 ictus

138 2579 253 2632 “Auditi
272 2581 396 2634 referunt
413 2580 554 2647 gemitum,
573 2580 749 2649 striduntque
768 2583 890 2636 cavernis
967 2596 1005 2636 aaa

155 2656 306 2709 Stricturae
325 2656 484 2724 Chalybum,
504 2661 533 2710 et
550 2655 703 2710 fornacibus
721 2657 791 2725 ignis
809 2658 927 2724 anhelat,

155 2731 268 2785 Volcani
287 2732 390 2799 domus,
410 2738 439 2785 et
459 2733 590 2786 Volcania
608 2734 717 2786 nominc
735 2734 824 2788 tellus.

156 2807 216 2860 lloc
234 2813 299 2862 tunc
318 2808 478 2876 Ignipotens
496 2809 570 2862 caelo
589 2808 732 2864 descendit
750 2810 785 2864 ab
803 2810 865 2865 alte.

155 2883 271 2937 I'crrum
289 2885 453 2938 exercebant
472 2889 548 2939 vasto
568 2887 698 2954 Cyclopes
716 2887 743 2939 in
761 2891 848 2953 antra,

155 2960 328 3029 Brontesque
347 2961 532 3030 Steropesque
549 2966 578 3016 et
596 2963 686 3015 nudus
704 2963 827 3016 membra
846 2963 1002 3031 Pyracmon.

157 3037 208 3089 His
226 3037 402 3091 informatum
421 3039 547 3092 manibus
564 3039 618 3092 iam
637 3048 717 3108 parte
735 3040 819 3108 polita
968 3055 1005 3094 aaa

157 3112 270 3167 Ilulmen
288 3119 355 3181 erat,
373 3119 432 3169 toto
452 3116 566 3170 Genitor
584 3133 654 3184 quae
673 3116 789 3184 plurima
807 3117 882 3170 caclo

157 3191 257 3244 Deiicit
274 3191 302 3244 iu
321 3194 416 3258 terras,
435 3207 499 3258 pars
517 3192 666 3274 inperfecta
685 3191 818 3259 rnaacbat
