2242 3550
392 149 593 196 GEORGIOON
613 149 681 198 LIB.
701 149 753 198 ΙΙΙ.
963 151 995 201 68

141 234 277 300 Squamea
295 229 455 284 convolvens
473 229 582 284 sublato
600 233 712 300 pectore
731 234 810 298 terga

144 311 237 378 Atque
255 307 327 360 notis
345 307 452 374 longam
473 307 624 360 maculosus
642 307 792 375 grandibus
810 307 908 372 alvum,

142 387 201 452 Qui,
222 385 287 439 duni
306 401 399 436 aiones
417 383 465 438 ulli
484 387 649 452 rumpuntur
666 383 788 436 fontibus
807 389 834 436 ct
853 382 919 436 dum

143 463 215 515 Vere
234 461 346 513 madent
366 461 420 513 udo
438 465 529 514 terrae
547 478 580 514 ae
597 460 761 528 pluvialibus
779 460 887 527 austria,

140 539 244 607 Stagna
261 538 332 604 colit,
351 538 472 606 ripisque
490 538 623 600 habitans,
641 538 684 591 hic
703 538 822 606 piscibus
840 543 928 591 atram
959 551 995 590 eso

144 615 278 684 inprobus
296 615 443 684 ingluviem
461 615 590 684 ranisque
608 615 766 684 loquacibus
784 616 890 686 explet3

143 693 292 762 Postquam
311 697 408 746 exusta
426 693 511 761 palus,
530 696 676 762 terraeque
694 694 792 748 ardore
810 694 960 754 debiscunt,

143 770 241 824 Exsilit
258 771 286 822 in
305 771 412 834 siccum,
431 775 460 823 et
478 771 645 824 flammantia
663 771 765 826 lunrioa
783 776 913 838 torqrcns

141 847 235 900 Saevit
253 847 332 915 agris,
352 865 487 916 asperque
506 848 552 900 siti
571 853 654 916 atque
672 849 822 902 exterritus
840 851 925 900 aestu.

142 923 168 975 N
170 940 201 977 ee
219 925 284 977 mihi
303 928 362 978 tum
380 925 469 978 mollis
485 926 538 978 sub
556 926 619 980 divo
637 943 749 994 carpere
766 941 880 988 somnos,
958 934 995 978 ⁶³⁶

141 1000 204 1054 Neu
223 1000 303 1054 dorso
320 1003 438 1055 nemoris
456 1003 540 1056 libeat
558 1002 671 1056 iacuisse
690 1020 740 1071 per
757 1002 862 1068 herbas,

142 1077 212 1129 Cum
230 1078 326 1146 positis
343 1097 428 1133 nonus
447 1080 551 1134 exuviis
569 1080 727 1149 nitidusque
745 1081 856 1132 iuventa

143 1153 276 1224 Volvitur,
295 1160 343 1210 aut
361 1158 465 1211 catulos
483 1159 564 1211 tectis
582 1163 630 1210 aut
648 1174 699 1210 ova
716 1157 879 1224 relinquens,

143 1231 255 1285 Arduus
273 1234 310 1287 ad
328 1234 421 1300 solem,
440 1237 469 1287 et
487 1234 587 1301 linguis
606 1234 689 1286 micat
707 1249 754 1286 ore
772 1232 896 1286 trisulcis.

178 1309 336 1363 Morborum
352 1327 464 1380 quoque
482 1315 511 1365 tc
528 1327 638 1364 caussas
659 1313 688 1364 et
705 1311 782 1378 signa
801 1309 912 1380 docebo.
958 1319 995 1362 stt

141 1384 240 1453 Turpis
257 1388 314 1440 ovis
332 1392 451 1456 temptat
469 1389 579 1453 scabies,
597 1389 645 1442 ubi
663 1389 778 1458 frigidus
795 1385 883 1440 imber

143 1461 236 1514 Altius
254 1463 289 1516 ad
307 1465 397 1517 vivum
415 1466 538 1534 persedit
556 1472 585 1521 ct
601 1467 712 1520 horrida
729 1483 794 1520 cano

144 1538 247 1593 Bruma
265 1541 336 1609 gelu
355 1542 397 1594 rel
416 1559 477 1596 cum
496 1545 582 1597 tonsis
601 1545 701 1614 inlotus
719 1543 843 1596 adhaesit

142 1615 241 1683 Sudor,
260 1622 288 1671 et
306 1619 405 1672 hirsuti
424 1625 570 1674 secuerunt
588 1637 701 1688 corpora
718 1637 820 1688 vepres.

145 1691 277 1746 Dulcibus
294 1694 396 1752 ideirco
415 1697 504 1750 flriviis
521 1715 605 1766 pecus
620 1714 703 1750 omne
721 1696 844 1764 sisagistri
958 1708 996 1748 eso

145 1763 323 1836 l'erfnndunt
341 1773 458 1840 udisque
477 1775 546 1828 aries
565 1775 593 1827 in
611 1775 721 1842 gurgite
739 1774 810 1826 villis

143 1845 289 1914 llersetur,
309 1849 462 1917 missusque
480 1852 600 1904 secundo
619 1851 716 1905 defluit
731 1851 820 1914 amn13

145 1925 203 1975 hut
221 1927 331 1978 tonsum
349 1927 424 1980 tristi
442 1929 604 1996 contingunt
621 1945 718 1996 corpus
736 1944 855 1994 amurgs,

145 1999 180 2051 llt
197 2016 308 2067 spumas
326 2003 440 2057 miscent
458 2005 565 2074 argenti
583 2006 698 2071 vivaque
716 2005 819 2056 sulfura

78 2103 82 2110 ·
146 2075 299 2144 Idaeasque
315 2079 390 2146 pices
409 2085 437 2134 et
454 2082 564 2150 pinguis
582 2083 701 2148 unguine
718 2097 794 2133 ceras
962 2094 996 2133 aso

140 2153 310 2222 ¹Scillamque
328 2155 517 2226 elleborosque
535 2157 626 2226 gravis
644 2158 808 2225 nigrumque
825 2155 956 2210 bitumen.

144 2229 169 2281 N
171 2245 206 2282 en
224 2235 316 2284 temen
333 2233 389 2285 ulla
406 2235 493 2302 magis
510 2251 638 2303 praesens
656 2234 765 2286 fortuna
782 2232 904 2286 laborum
923 2237 973 2300 est,

144 2305 233 2369 Quam
252 2307 275 2360 si
294 2309 356 2376 quis
374 2310 446 2363 ferro
464 2311 555 2380 potuit
573 2309 729 2364 rescindere
747 2327 882 2364 summum

146 2383 253 2436 Ulceris
269 2400 314 2437 os:
334 2385 417 2438 alitur
434 2389 531 2441 vitium
550 2389 671 2458 vivitque
689 2388 815 2456 tegendo,

147 2459 219 2511 llum
237 2461 357 2514 medicos
375 2463 506 2517 adhibere
525 2481 620 2518 manus
639 2465 675 2518 ad
693 2465 803 2518 volnera
821 2469 914 2530 pastor
960 2477 997 2518 tte

147 2537 283 2604 Abnegat,
301 2542 350 2591 aut
368 2540 480 2594 meliora
498 2541 563 2594 deos
581 2541 660 2596 sedet
674 2544 767 2596 omina
784 2559 903 2610 poscens.

146 2612 327 2679 Quinetiam,
345 2616 400 2670 ima
418 2618 495 2671 dolor
512 2619 653 2673 balantum
672 2620 763 2688 lapsus
782 2619 818 2673 ad
835 2635 898 2672 ossa

145 2689 216 2743 Cum
234 2691 301 2744 furit
319 2697 402 2761 atque
420 2700 496 2748 artus
515 2696 672 2764 depascitur
689 2697 767 2750 arida
783 2695 875 2760 febris,

146 2765 254 2820 Profuit
272 2769 394 2822 incensos
411 2778 503 2823 aestus
521 2779 645 2826 avertere
663 2777 692 2828 et
710 2773 782 2826 inter

147 2844 208 2896 lma
224 2845 307 2898 ferire
325 2847 403 2915 pedis
422 2847 563 2901 salientem
582 2849 712 2916 sanguine
730 2865 842 2913 uenan13
960 2859 998 2900 seo

139 2913 267 2974 *bisaltae
283 2939 341 2990 quo
359 2940 434 2976 more
453 2925 540 2978 solent
558 2941 674 2994 acerque
693 2925 819 2988 Gelonus,

147 2997 216 3050 Cum
234 2998 305 3065 fugit
323 3000 351 3052 in
371 2999 523 3069 Rhodopen
541 3005 625 3070 atque
643 3003 670 3055 in
689 3002 800 3056 deserta
818 3001 951 3055 Getarum

148 3073 184 3126 Et
202 3075 243 3127 lac
261 3079 419 3130 concretum
435 3093 495 3128 cum
513 3079 644 3145 sanguine
661 3082 740 3147 potat
758 3077 864 3145 equino.

147 3148 234 3212 Quam
253 3152 346 3219 procul
364 3157 412 3205 aut
430 3152 505 3205 molli
523 3155 668 3208 succedere
686 3153 793 3222 saepius
810 3154 923 3209 umbrae

148 3223 267 3283 Videris
284 3232 332 3281 aut
349 3243 469 3282 summas
486 3233 644 3297 cmpcntem
662 3229 784 3299 ignavius
802 3229 909 3299 herbas,
962 3244 998 3284 coo
