2232 3556
315 563 318 570 ⁴
370 492 399 541 P.
417 491 569 539 VERGILI
586 487 749 537 MARONIS

328 663 791 743 AENEIDOS

377 870 494 924 LIBER
513 866 747 922 unnuolnus.

510 1032 610 1058 ..m-0·—n

135 1153 275 1206 Oensuum
295 1154 400 1204 interea
419 1169 532 1217 surgens
552 1153 661 1203 Aurora
679 1151 804 1218 reliquit:

137 1232 250 1294 Aeneas,
270 1243 433 1295 quamquam
452 1231 481 1279 et
499 1227 577 1278 sociis
596 1225 662 1278 dare
681 1230 787 1292 tempus
805 1223 953 1278 humandis

138 1304 321 1370 Praecipitant
340 1319 428 1368 curae,
448 1301 615 1368 turbataque
633 1300 729 1352 funere
747 1317 824 1353 mens
842 1303 892 1362 est,

136 1379 208 1431 Vota
226 1377 308 1430 deum
327 1379 415 1446 primo
436 1377 522 1429 vietor
540 1375 662 1429 solvebat
681 1375 743 1428 Eoo.

137 1455 280 1522 Ingentem
301 1470 431 1520 quereum
450 1453 548 1505 decisis
566 1452 688 1520 undique
707 1453 789 1505 ramis
979 1469 991 1506 s

136 1530 285 1584 Constituit
304 1527 415 1596 tumulo,
434 1530 621 1598 fulgentiaque
639 1529 730 1582 induit
747 1547 829 1596 arma,

136 1607 253 1660 Mezenti
274 1606 350 1658 (lueis
369 1607 488 1672 exuvias,
506 1606 565 1673 tibi,
583 1623 689 1673 magne,
708 1610 856 1674 tropaeum,

137 1683 317 1751 Bellipotens;
344 1685 424 1752 aptat
450 1683 567 1735 rorantis
585 1683 716 1748 sanguine
734 1681 829 1734 cristas

136 1759 253 1827 Telaque
271 1763 368 1812 trunca
387 1759 435 1810 viri
455 1763 484 1812 et
501 1758 543 1811 bis
563 1777 610 1812 sex
628 1759 741 1812 thoraca
758 1759 873 1826 petitum

136 1835 345 1903 Perfossumquo
363 1835 436 1903 locis,
456 1837 629 1904 clipeumque
648 1854 682 1888 ex
700 1853 762 1888 aere
782 1835 906 1887 sinistrae
964 1853 990 1888 ro

136 1912 267 1979 Subligat,
288 1915 371 1980 atque
389 1930 482 1966 ensem
501 1913 569 1966 eollo
588 1913 731 1980 suspendit
750 1912 889 1965 eburnam.

136 1989 203 2042 Tum
223 1989 314 2056 socios,
334 2006 451 2058 namquo
470 1989 557 2041 omnis
577 2006 638 2041 eum
657 1991 758 2056 stipato
775 1987 887 2054 tegebat

135 2064 226 2118 Turba
245 2066 352 2132 dueum,
372 2067 410 2118 sie
428 2066 560 2133 incipiens
578 2067 705 2118 hortatur
723 2065 839 2119 ovantis:

136 2141 264 2194 Maxuma
283 2159 326 2194 res
345 2142 449 2208 effecta,
468 2141 536 2206 viri;
554 2142 637 2194 timor
655 2143 741 2194 omnis
760 2141 861 2208 abesto,

135 2217 215 2282 Quod
228 2223 368 2286 superest3
386 2218 453 2272 haee
466 2222 530 2272 sunt
543 2219 628 2286 spolia
641 2223 669 2271 et
682 2219 717 2271 do
729 2237 793 2287 rege
805 2219 923 2286 superbo
964 2234 990 2270 15

137 2293 283 2358 Primitiae,
303 2295 483 2362 inanibusque
502 2295 570 2346 meis
591 2295 741 2348 Mezentius
759 2295 803 2348 hic
820 2299 869 2348 est.
898 2323 914 2343 κ

138 2368 214 2422 Nune
233 2369 287 2422 iter
306 2371 341 2422 acl
360 2388 452 2438 regem
471 2370 549 2423 nobis
568 2388 715 2438 murosque
735 2372 852 2424 Latinos.

138 2445 222 2498 Arma
240 2451 335 2513 parato
353 2446 457 2513 animia,
477 2451 506 2499 et
524 2465 573 2515 spe
590 2447 756 2515 praesumite
775 2446 883 2512 bellum,

136 2521 178 2574 Ne
198 2540 252 2591 qua
269 2539 345 2575 mora
364 2525 479 2590 ignaros,
498 2523 546 2575 ubi
565 2523 682 2592 primum
701 2523 801 2577 vellere
820 2523 898 2590 signa

137 2599 293 2652 Adnuerint
312 2599 403 2668 superi
421 2599 578 2668 pubemque
598 2599 713 2653 educere
732 2600 835 2664 castris,
963 2614 993 2652 ao

137 2676 271 2744 Inpediat,
291 2677 415 2744 segnisve
434 2679 509 2728 metu
528 2676 664 2729 sententia
680 2675 779 2728 tardet.

137 2750 246 2802 Interea
265 2752 349 2802 socios
368 2751 564 2817 inhumataque
582 2767 695 2818 corpora
713 2755 803 2804 terrae

136 2823 304 2891 Mandonius,
325 2827 372 2894 qui
392 2827 463 2878 solus
481 2825 566 2877 honos
586 2825 742 2879 Acheronte
761 2826 811 2878 sub
829 2827 884 2878 imo
903 2830 952 2880 est

137 2900 188 2966 lte,
207 2901 251 2964 ait,
271 2902 394 2968 egregias
413 2902 525 2966 animosi,
545 2918 615 2968 quae
635 2902 766 2968 sangnine
784 2901 861 2953 nobis

137 2972 215 3026 Hane
233 2978 349 3042 patriam
368 2993 501 3044 peperero
521 2991 576 3042 sue,
596 2976 724 3028 decorato
744 2976 877 3042 supremis
964 2989 993 3028 as

137 3047 302 3114 Muneribus,
322 3055 509 3118 maestamque
529 3050 650 3102 Euandri
669 3051 773 3118 primns
792 3050 827 3102 ad
845 3049 943 3104 urbem

137 3122 265 3176 Mittatur
285 3125 381 3190 Pallas,
401 3141 482 3192 quem
501 3141 554 3176 non
573 3125 683 3177 virtutis
702 3129 828 3191 egentem

147 3196 262 3250 lbstulit
279 3202 339 3251 atra
357 3199 417 3253 dies
435 3202 465 3250 et
482 3199 578 3250 funere
596 3199 692 3251 mersit
710 3197 815 3251 acerbo.
