2274 3554
412 131 595 182 AENEIDOS
618 131 686 180 LIB.
711 131 735 178 1.
977 130 1008 178 87

153 217 342 284 Ductoresque
360 215 434 283 ipsos
452 212 578 282 primum,
597 212 687 281 capita
705 211 761 265 alta
778 211 902 285 ferentis,

152 285 287 351 Cornibus
305 291 432 352 arboreis,
452 289 558 356 sternit,
576 292 636 342 tum
655 288 758 356 volgus,
776 291 805 341 et
823 303 930 341 omnem
972 300 1009 340 aaa

153 357 251 422 Miscet
269 383 352 434 agens
370 366 436 424 telis¹
451 381 563 418 nemora
579 365 653 418 inter
670 363 784 417 frondea
802 363 926 429 turba1n;

153 445 211 498 Nec
228 444 304 513 prius
322 442 440 509 absistit,
458 459 541 510 quam
560 445 666 510 septem
684 440 806 508 ingentia
824 441 910 493 victor

153 521 273 589 Corpora
285 517 384 572 fundat
396 517 472 570 humi
485 521 513 571 et
525 535 669 571 numerum
682 534 743 571 cum
757 517 871 570 navibus
883 521 992 586 aequet

154 597 226 650 Hinc
243 598 354 665 portum
372 595 452 663 petit,
471 597 499 648 et
517 594 602 647 socios
620 595 739 662 partitur
757 594 784 646 in
802 594 896 646 omnis.

153 673 226 726 Vina
242 671 330 725 bonus
349 687 419 740 quae
438 669 539 724 deinde
558 671 632 724 cadis
650 673 777 724 onerarat
796 673 911 724 Acestes
973 686 1009 724 raa
1030 675 1033 680 '

154 751 247 804 Litore
266 748 403 801 Trinacrio
422 747 593 815 dederatque
611 747 775 800 abeuntibus
791 747 879 814 heros,

155 825 266 890 Dividit,
285 829 314 878 et
332 824 413 879 dietis
432 825 581 877 maerentia
599 827 710 892 pectora
728 823 841 878 mulcet:

188 902 212 956 O
225 903 419 969 socii-neque
431 901 504 954 enim
516 901 604 968 ignari
615 917 708 954 sumus
720 904 784 954 ante
796 901 967 955 malorum-

154 979 177 1032 Ο
196 980 268 1048 passi
286 978 418 1046 grauiora,
437 977 515 1031 dabit
534 978 602 1030 deris
621 978 664 1030 his
683 995 791 1046 quoque
810 978 899 1030 finern.

154 1056 212 1108 Vos
230 1059 258 1108 et
277 1055 425 1124 Scyllaeam
443 1054 547 1107 rabiem
566 1055 728 1122 penitusque
747 1053 868 1106 sonantis
971 1068 1009 1106 aaa

155 1133 281 1186 Accestis
298 1132 429 1201 scopulos,
447 1148 494 1184 vos
513 1134 542 1183 et
561 1130 687 1199 Cyclopia
705 1147 770 1183 saxa

154 1208 282 1276 Experti:
304 1211 431 1262 revocate
449 1208 559 1273 animos,
577 1211 766 1274 maestumque
784 1208 913 1262 timorem

154 1284 274 1339 Mittite:
294 1286 384 1338 forsan
405 1289 433 1336 ct
451 1283 518 1338 haec
536 1284 600 1336 olim
618 1283 773 1336 meminisse
789 1283 902 1337 iuvabit.

155 1361 209 1415 Per
227 1362 316 1414 varios
334 1379 419 1427 casus,
437 1378 487 1430 per
505 1364 548 1413 tot
567 1360 723 1414 discrimina
741 1377 832 1414 rorum

155 1438 302 1492 Tendimus
319 1439 347 1491 in
366 1439 483 1504 Latium,
503 1437 582 1491 sedes
600 1437 647 1490 ubi
665 1437 722 1490 fata
740 1437 847 1505 quietas
971 1453 1010 1491 aas

156 1515 329 1581 Ostendunt;
347 1515 401 1569 illic
419 1515 460 1568 ias
478 1532 563 1583 regna
580 1531 725 1582 resurgere
744 1514 848 1568 Troiae.

154 1593 266 1661 Durate,
286 1597 315 1646 et
333 1596 438 1646 vosmet
457 1592 539 1645 rebus
558 1597 665 1646 servato
685 1591 817 1645 secundis.

188 1670 265 1724 Talia
281 1687 346 1724 voce
364 1670 456 1735 refert,
476 1669 602 1737 curisque
620 1668 777 1737 ingentibus
795 1685 879 1736 aeger

155 1747 236 1816 Spem
255 1747 331 1801 voltu
347 1745 463 1812 simulat,
483 1745 584 1814 premit
602 1745 688 1799 altum
707 1745 789 1799 corde
808 1745 938 1799 dolorem.

156 1824 199 1877 llli
218 1842 247 1878 se
264 1824 384 1892 praedae
402 1825 547 1890 accingunt
567 1823 736 1892 dapibusque
754 1823 866 1876 futuris:
971 1837 1011 1876 mo

154 1901 274 1969 Tergora
292 1901 433 1969 deripiunt
452 1900 533 1952 costis
553 1903 581 1952 et
599 1899 704 1952 viscera
721 1900 841 1964 nudaut;

155 1979 222 2031 Pars
239 1979 267 2031 in
285 1978 373 2031 frusta
391 1980 484 2029 secant
502 1975 666 2043 veribusque
684 1976 830 2028 trementia
847 1976 951 2042 figunt;

155 2055 248 2107 Litore
266 2070 333 2106 aena
350 2053 441 2104 locant
459 2051 511 2118 alii,
530 2051 707 2119 flammasque
727 2051 890 2104 ministrant

155 2131 222 2183 Tum
241 2129 316 2181 victu
333 2131 461 2180 revocant
480 2127 551 2193 viris
572 2128 680 2195 lusique
698 2145 749 2196 per
765 2126 877 2179 herbam

156 2206 302 2274 Inplentur
318 2205 419 2257 vetoris
438 2203 538 2256 Bacchi
557 2205 720 2272 pinguisque
739 2203 849 2256 ferinae.
971 2219 1010 2258 ars

155 2283 303 2350 Postquam
323 2285 450 2349 exempta
468 2281 555 2333 fames
574 2280 661 2348 epulis
679 2296 843 2348 mensaeque
861 2285 992 2350 remotae,

155 2359 279 2412 Amissos
296 2358 375 2427 longo
394 2359 482 2412 socios
500 2373 624 2410 sermone
643 2357 796 2426 requirunt,

156 2437 292 2505 Spemque
310 2441 467 2508 metumque
486 2437 559 2490 inter
578 2435 661 2500 dubii,
681 2453 730 2490 seu
748 2435 837 2488 vivero
856 2435 979 2502 credant,

156 2514 217 2568 Sive
236 2518 361 2568 extrema
377 2515 435 2584 pati
454 2532 504 2568 uec
522 2515 575 2568 iam
595 2514 724 2567 exaudire
742 2516 858 2565 uocatos.

156 2592 304 2660 Praecipue
322 2592 386 2661 pius
405 2594 514 2646 Aeneas
532 2609 602 2645 nunc
622 2592 691 2645 acris
711 2589 817 2656 Oronti,
972 2603 1008 2640 aaa

156 2669 234 2722 Nunc
253 2671 350 2738 Amyci
369 2687 461 2722 casum
480 2669 565 2737 gemit
584 2672 613 2722 et
630 2667 752 2721 cmdelia
770 2681 860 2718 seeum

157 2745 224 2799 Fata
243 2745 314 2815 Lyci,
332 2747 487 2816 fortemque
507 2747 591 2814 Gyan,
611 2745 764 2812 fortemque
784 2739 953 2796 Cloanthum.

189 2821 295 2876 Etiam
315 2824 376 2876 finis
394 2829 461 2890 crat,
479 2840 541 2877 cum
560 2822 685 2890 Iuppiter
703 2819 814 2873 aethere
833 2831 938 2870 summo

156 2899 314 2969 Despiciens
330 2917 407 2954 mare
425 2900 567 2953 velivolum
586 2902 729 2964 terrasque
747 2894 862 2948 iacentis

157 2976 304 3044 Litoraque
323 2982 352 3029 et
370 2977 439 3030 latos
458 2975 578 3046 populos,
598 2975 635 3027 sie
653 2972 755 3026 vertice
774 2969 841 3024 caeli
972 2982 1009 3022 225

157 3053 286 3106 Constitit
305 3057 333 3105 ct
352 3053 455 3121 Libyae
473 3052 569 3104 defixit
587 3050 687 3102 lumina
705 3049 804 3116 regnis.

160 3131 251 3198 Atque
269 3129 345 3182 illum
364 3129 426 3182 talis
444 3129 592 3181 iactantem
609 3130 721 3196 pectore
740 3141 818 3178 curas

158 3204 271 3265 Tristior
289 3209 318 3258 et
336 3204 455 3257 lacrimis
471 3203 561 3256 oculos
578 3202 680 3255 suffusa
697 3201 823 3254 nitentis.
