2242 3550
395 131 600 180 GEORGICON
622 133 688 182 LlB.
706 133 743 182 11.
957 135 988 182 49

135 214 197 268 Hoc
214 212 343 281 pinguem
362 215 391 265 et
408 211 538 280 placitam
558 213 621 266 Paci
640 213 758 268 nutritor
776 215 883 268 olivam.
953 227 989 266 aas

170 289 256 342 Poma
274 304 391 356 quoque,
410 291 441 341 ut
459 288 577 356 primum
593 293 705 344 truncos
724 306 834 344 sensere
851 289 968 344 valentis

133 366 173 419 Et
190 365 256 418 viris
274 363 397 417 habuere
416 381 485 432 suas,
505 365 541 418 ad
560 365 651 420 sidera
669 368 769 436 raptim

133 442 172 496 Vi
189 442 300 511 propria
318 441 445 494 nituntur
463 442 577 511 opisque
596 443 671 496 haud
690 444 783 510 indiga
800 447 918 497 nostrae.

134 519 194 574 Nec
212 521 302 570 minus
321 517 428 570 interea
446 519 504 571 fetu
522 536 618 572 nemus
636 537 715 572 onrne
733 520 876 588 gravescit,

133 595 352 664 Sanguineisque
371 594 474 648 inculta
492 595 593 649 rubent
611 596 713 650 aviaria
731 595 818 649 bacis:
954 611 990 650 sao

133 673 296 726 Tondentur
314 672 400 740 cytisi,
419 672 515 726 taedas
534 673 600 725 silva
618 673 675 727 alta
693 673 838 736 ministrat,

135 748 351 817 Pascunturque-
362 749 440 816 ignes
458 751 583 803 nocturni
603 754 632 804 et
649 751 753 804 lumina
770 749 901 804 fundunt:
994 791 997 796 .

135 825 171 879 Et
189 824 318 879 dubitant
337 825 460 878 homines
478 843 569 880 serere
588 831 672 896 atquo
691 827 841 896 inpendero
859 825 970 879 curaml

135 901 209 964 Quid
227 902 331 954 maiora
350 904 466 970 sequarl
486 903 581 956 salices
600 903 772 972 humilesque
790 907 926 971 genestae,

21 991 28 998 ·
135 981 196 1031 Aut
213 979 276 1032 illae
293 979 386 1047 pecori
405 979 530 1032 frondem
548 983 596 1032 aut
615 981 770 1049 pastoribus
789 978 899 1032 umbras
954 990 990 1030 aas

135 1054 284 1120 Sufficiunt,
304 1072 469 1125 saepemque
488 1056 554 1108 satis
573 1060 602 1109 et
619 1056 719 1125 pabula
738 1055 818 1108 melli.

135 1131 172 1184 Et
189 1131 265 1184 iuvat
283 1132 434 1186 undantem
453 1131 526 1185 buxo
545 1137 669 1200 spectare
688 1133 818 1200 Cytornm

135 1207 324 1276 Naryciaeque
342 1208 411 1276 picis
429 1208 511 1276 lucos,
530 1209 606 1262 iuvat
624 1225 689 1262 arra
707 1208 800 1261 vidore

135 1282 197 1338 Non
216 1283 319 1352 rastris,
338 1284 479 1338 hominum
498 1301 551 1338 non
570 1285 618 1338 ulli
636 1285 752 1338 obnoxia
770 1300 858 1337 curae.

135 1359 219 1427 Ipsae
238 1360 367 1414 Caucasio
386 1361 494 1415 steriles
512 1362 540 1414 in
560 1363 662 1415 vertice
680 1361 770 1429 silvae,
955 1373 991 1413 llo

54 1499 62 1509 ·
135 1435 210 1499 Quas
228 1437 342 1490 animosi
362 1438 429 1491 Euri
447 1437 563 1492 adsidue
582 1439 766 1508 franguntque
785 1438 938 1506 feruntque,

135 1511 211 1566 Dant
228 1513 295 1567 alios
313 1515 383 1568 aliae
402 1515 483 1583 fetus,
503 1515 570 1568 dant
589 1515 658 1569 utile
677 1515 782 1582 lignum

135 1588 257 1656 Navigiis
275 1591 360 1659 pinos,
380 1591 506 1644 domibus
524 1592 693 1660 cedrumque
712 1607 923 1660 cupressosque;

136 1663 210 1718 Hine
227 1666 318 1719 radios
337 1667 439 1720 trivere
459 1668 533 1733 rotis,
553 1667 614 1721 hiuc
632 1671 761 1737 tympana
779 1667 910 1735 plaustris

136 1741 290 1809 Agricolae,
310 1747 339 1797 et
357 1743 462 1812 pandas
480 1743 585 1798 ratibus
603 1761 718 1814 posuere
732 1745 849 1808 carinam
955 1755 992 1794 445

136 1817 291 1872 Viminibus
311 1820 406 1873 salices
423 1819 564 1888 secundae,
584 1820 727 1874 frondibus
745 1820 819 1888 ulmi,

136 1895 178 1947 At
195 1899 300 1962 myrtus
320 1897 417 1950 validis
435 1897 580 1951 hastilibus
599 1901 628 1950 et
646 1897 718 1950 bona
735 1896 807 1950 bello

136 1969 257 2035 Cornum
280 1972 407 2026 Ituraeos
425 1974 483 2027 taxi
501 1977 667 2041 torquentur
684 1974 712 2025 in
731 1989 824 2038 arcus;

136 2045 196 2099 Nec
213 2047 289 2101 tiliae
309 2048 381 2102 leves
400 2054 448 2103 aut
467 2053 546 2102 torno
565 2049 646 2103 rasile
664 2049 767 2102 buxum

136 2123 200 2176 Non
217 2124 332 2178 formam
351 2127 488 2195 accipiunt
506 2127 634 2194 ferroque
652 2128 783 2178 cavantur
801 2128 895 2192 acuto;
957 2141 992 2180 seo

136 2199 269 2252 Necnon
287 2205 317 2260 et
335 2205 486 2256 torrentem
506 2203 608 2255 undam
626 2201 693 2254 levis
712 2201 819 2254 innatat
837 2201 922 2267 alnus,

137 2275 223 2328 Missa
242 2277 331 2344 Pad0;
353 2295 403 2332 nec
422 2295 476 2332 non
496 2284 524 2334 et
542 2297 607 2348 apes
625 2278 749 2332 examina
766 2277 888 2332 condunt

137 2352 347 2422 corticibusque
366 2355 438 2408 cavis
457 2356 627 2424 vitiosaeque
645 2354 713 2408 ilicis
730 2353 814 2408 alveo.

137 2428 211 2492 Quid
229 2431 434 2484 memorandum
454 2449 542 2501 aequo
561 2431 695 2486 Baccheia
713 2429 784 2484 dona
801 2431 940 2485 tuleruntl

137 2504 261 2558 Bacchus
279 2511 308 2560 et
326 2506 363 2560 ad
381 2508 487 2576 culpam
506 2525 615 2562 caussas
635 2507 726 2562 dedit:
747 2508 792 2561 ille
810 2507 927 2561 furentis
956 2520 992 2560 555

137 2580 289 2636 Centauros
307 2583 363 2637 leto
384 2585 496 2654 domuit,
518 2585 710 2654 Rhoetumque
731 2584 900 2652 Pholumque

127 2656 174 2710 'Et
192 2675 290 2726 magno
311 2661 446 2728 Hylaeum
467 2661 590 2730 Lapithis
609 2667 716 2715 cratere
734 2661 892 2714 minantem.

172 2733 195 2787 0
214 2733 367 2790 fortunatos
386 2739 507 2807 nimium,
526 2755 575 2792 sua
594 2739 616 2792 si
634 2739 704 2791 bona
721 2737 820 2804 norint,

138 2810 289 2879 Agricolas,
308 2812 408 2882 quibus
427 2815 493 2882 ipsa,
511 2814 604 2884 procul
624 2813 795 2868 discordibus
813 2812 904 2881 armis,

138 2885 242 2940 Fundit
259 2888 342 2943 humo
361 2891 467 2944 facilem
486 2892 587 2944 victum
605 2891 752 2944 iustissima
769 2889 865 2943 tellus!
956 2903 991 2942 sco

138 2961 239 3019 Sinon
257 2967 395 3035 ingentem
414 2967 518 3020 foribus
537 2967 634 3021 domus
653 2967 709 3020 alta
729 2964 853 3034 superbis

137 3039 221 3095 Mane
239 3043 407 3097 salutantum
426 3044 492 3098 totis
510 3044 595 3097 vomit
613 3043 727 3097 aedibus
745 3043 854 3109 undam,

138 3117 198 3172 Nec
215 3119 304 3173 varios
321 3120 428 3174 inhiant
445 3119 559 3188 pulchra
577 3120 716 3174 testudine
734 3119 828 3188 postis,

139 3193 303 3265 Iulusasque
320 3211 386 3249 auro
404 3200 502 3259 vestes,
522 3194 711 3264 Ephyreiaque
728 3211 800 3261 aera,
839 3232 842 3238 ·
