2234 3554
390 148 572 196 AENEIDOS
590 148 660 198 LIB.
679 149 742 198 VH.
944 149 991 199 207

143 231 238 301 Atque
255 231 299 284 hic
320 231 426 283 Aeneas
444 229 582 296 ingentem
602 246 635 282 en
654 246 771 298 aequore
788 231 879 284 lucum

144 308 285 376 Prospicit.
323 307 404 360 Hunc
422 306 494 358 inter
511 305 592 357 fluvio
612 305 752 358 Tiberinus
771 323 891 374 amoeno,
967 320 992 360 ao

142 383 298 438 Vorticibus
316 383 426 452 rapidis,
444 385 473 436 et
491 381 577 434 multa
594 381 680 435 flavus
698 399 787 449 arena,

144 461 176 515 ln
194 477 269 514 mare
287 460 446 528 prorumpit.
482 458 582 512 Variae
600 459 755 527 circumque
773 476 911 529 supraque

144 536 285 591 Adsuetas
304 535 370 604 ripis
388 535 511 590 volucres
528 540 557 588 et
575 534 693 588 fluminis
711 534 788 588 alveo

144 613 268 666 Aethera
285 611 441 665 mulcebant
458 615 547 676 cantu,
565 611 680 678 lucoque
699 611 835 666 volabant.

143 689 269 742 Flectere
286 689 341 742 iter
358 688 436 741 sociis
453 691 600 754 terraeque
618 687 763 741 advertere
780 705 875 756 proras
968 705 992 743 aa

143 765 265 834 Inperat‚
284 770 313 818 et
331 764 419 818 laetus
438 764 519 818 fluvio
537 765 659 818 succedit
677 779 768 833 opaco.

68 879 71 886 ·
178 842 257 895 Nunc
275 859 333 909 age,
352 842 399 909 qni
417 857 504 908 reges,
523 841 614 907 Erato,
634 857 705 910 quae
723 846 848 909 tempora
866 857 966 910 rerum,

144 918 211 982 Quis
230 918 308 970 Latio
327 918 438 984 antiquo
456 917 540 970 fuerit
559 921 655 983 status,
674 917 781 970 advena
798 918 911 971 classem

144 995 212 1049 Cum
230 995 347 1063 primurn
367 993 495 1046 Ausoniis
513 993 650 1046 exercitus
668 993 774 1061 adpulit
792 995 853 1061 oris,

143 1071 303 1140 Expediam,
322 1072 351 1123 et
368 1070 473 1137 primae
490 1068 623 1122 revocabo
641 1068 753 1121 exordia
771 1087 887 1137 pugnae.
968 1086 992 1124 so

143 1149 184 1202 'ln
202 1151 300 1212 vatem,
317 1151 357 1210 tu,
375 1145 445 1212 diva,
463 1161 549 1198 mone.
587 1144 682 1197 Dicam
701 1144 813 1197 horrida
831 1146 908 1208 bella,

143 1225 239 1278 Dicam
257 1223 337 1289 acies,
355 1225 484 1288 actosque
501 1221 598 1274 animis
615 1221 643 1273 in
661 1221 757 1273 funera
774 1237 860 1288 reges,

144 1299 362 1368 Tyrrhenamque
380 1313 498 1363 uranum,
516 1300 658 1366 totamque
677 1296 728 1349 sub
746 1313 823 1350 arma
840 1302 962 1352 coactas

145 1377 313 1444 Hesperiam.
350 1374 438 1428 Maior
456 1390 547 1426 rerum
565 1373 632 1426 mihi
649 1374 770 1426 nascitur
788 1374 862 1442 ordo,

144 1453 233 1506 Maius
250 1469 318 1520 opus
335 1467 437 1504 moveo.
475 1451 535 1504 Rex
553 1466 619 1503 arva
636 1449 751 1503 Latinus
769 1455 798 1504 et
816 1451 898 1504 urbes
969 1465 992 1503 e

146 1529 203 1582 lam
222 1530 311 1581 senior
328 1527 407 1594 longa
424 1527 543 1595 placidas
560 1527 589 1580 in
606 1543 673 1596 pace
691 1526 814 1594 regebat.

145 1606 226 1658 llunc
243 1605 337 1658 Fauno
355 1608 384 1658 et
401 1603 518 1672 nympha
535 1605 659 1671 genitum
678 1603 816 1656 Laurente
835 1603 939 1658 Medea

145 1682 315 1750 Accipimus;
333 1680 427 1734 Fauno
447 1680 526 1734 Picus
543 1685 638 1748 patcr;
655 1681 733 1748 isque
750 1683 892 1748 parentem

144 1759 189 1823 ΤΘ,
208 1758 332 1821 Saturne,
350 1757 450 1820 rcfert;
468 1760 499 1810 tu
517 1757 654 1824 sanguinis
672 1757 785 1810 ultimus
803 1761 904 1813 auctor.

144 1835 228 1888 Filius
245 1833 307 1886 huic
324 1833 381 1885 fato
399 1832 488 1884 divom
506 1831 652 1900 prolesque
669 1833 754 1885 virilis
968 1847 993 1885 so

145 1910 226 1962 Nulla
243 1909 304 1972 fuit,
322 1909 464 1975 primaque
482 1908 573 1960 oriens
590 1911 685 1975 erepta
702 1909 813 1962 iuventa
830 1914 880 1964 est

145 1985 207 2039 Sola
224 1985 336 2038 domum
353 1986 382 2034 et
399 1986 492 2035 tantas
510 1982 637 2035 servabat
655 1983 710 2034 filia
727 1984 813 2047 sedes

146 2061 205 2114 Iam
222 2063 331 2113 matura
348 2057 414 2121 viro,
432 2057 486 2110 iam
503 2057 591 2125 plenis
609 2057 709 2110 nubilis
726 2058 810 2111 annis.

145 2135 228 2190 Multi
245 2135 320 2188 illam
336 2149 435 2200 magno
453 2149 469 2186 e
487 2133 566 2186 Latio
583 2135 698 2200 totaque
716 2133 848 2200 petebant

148 2215 282 2276 Ausonla;
299 2209 370 2277 petit
388 2211 451 2262 ante
469 2209 535 2262 alios
553 2208 751 2277 pulcherrimus
769 2211 855 2264 omnis
969 2228 993 2266 ss

146 2290 258 2356 Turnus,
276 2286 333 2340 aris
352 2286 492 2354 atavisque
510 2291 615 2354 potens,
634 2301 715 2353 quern
733 2285 809 2353 regia
826 2287 943 2340 coniunx

146 2365 268 2432 Adiungi
285 2379 416 2430 generum
434 2363 502 2416 miro
520 2360 686 2430 properabat
703 2378 810 2427 amore;

145 2441 201 2495 Sed
219 2441 300 2494 variis
318 2441 445 2508 portenta
462 2438 545 2492 deum
563 2437 715 2492 terroribus
734 2437 854 2493 obstant.

145 2519 249 2572 Laurus
267 2521 327 2570 orat
344 2515 413 2569 tecti
431 2514 521 2568 medio
539 2515 567 2567 in
585 2514 773 2582 penetralibus
791 2515 862 2583 altis,

145 2595 227 2648 &aare
244 2610 356 2659 comam,
375 2591 528 2659 multosque
546 2594 622 2644 metu
639 2594 747 2645 servata
764 2607 814 2660 per
831 2608 922 2659 annos,
969 2607 995 2646 ac

146 2670 232 2732 Quam
250 2673 330 2738 pater
347 2669 492 2734 inventam,
511 2667 612 2736 primas
630 2683 691 2720 cum
709 2668 841 2722 conderet
858 2685 943 2738 arces,

145 2745 210 2815 Ipse
227 2744 369 2799 ferebatur
388 2742 498 2796 Phoebo
516 2759 636 2796 sacrasse
655 2743 777 2810 Latinus,

145 2823 345 2890 Laurentisque
363 2819 398 2874 ab
416 2836 448 2873 ea
465 2837 565 2874 nomen
582 2819 705 2888 posuisse
723 2821 831 2873 colonis.

146 2899 235 2953 Huius
253 2915 318 2967 apes
335 2913 470 2951 summum
489 2895 749 2950 densae-mirabile
767 2895 878 2950 diotu-

145 2976 269 3030 Stridore
286 2973 390 3042 ingenti
408 2973 543 3040 liquidum
561 2977 638 3026 trans
655 2972 766 3026 aethera
784 2977 886 3042 vectae,
969 2989 994 3029 os

145 3052 286 3106 Obsedere
304 3051 415 3120 apicem,
435 3053 471 3117 et,
489 3049 605 3119 pedibus
622 3066 673 3118 per
689 3053 785 3103 rnutua
803 3051 888 3118 nexis,

145 3130 266 3184 Examen
284 3127 404 3182 subitam
423 3143 498 3180 ramo
515 3126 662 3181 frondente
679 3126 818 3197 pependit.

145 3207 278 3262 Continuo
295 3208 382 3272 vates,
401 3205 553 3258 Externum
571 3204 714 3273 cernimus,
731 3203 826 3274 inquit,

782 3425 803 3461 ἱ
