2234 3554
417 109 599 158 AENEIDOS
616 109 684 158 LIB.
703 109 753 158 VI.
961 109 1008 157 203

159 194 245 246 Laeta
262 191 344 245 deum
360 193 450 258 partu,
469 193 577 242 eentum
595 189 726 258 conplexa
743 193 864 259 nepotes,

159 263 254 322 Omnis
270 267 418 332 eaelieolas‚
437 266 524 318 omnis
541 281 640 332 supera
657 266 714 319 alta
731 267 857 320 tenentis.

159 345 221 397 Huc
238 343 360 411 geminas
377 359 449 396 nune
467 341 545 396 ilceto
564 343 641 407 acies,
660 341 729 396 hane
746 343 837 410 aspice
854 345 964 409 gentem

159 419 351 488 Romanosque
368 423 437 472 tuos.
475 418 528 471 Hie
547 418 649 471 Caesar
665 423 694 472 et
712 418 799 472 omnis
818 418 871 471 Iuli

159 495 313 563 Progenies
330 511 457 562 magnum
475 495 543 548 caeli
560 498 676 548 ventura
693 495 745 548 sub
762 511 849 548 axem.
973 509 1010 548 roe

160 572 214 624 Hie
231 571 280 638 vir,
297 570 342 624 hic
359 574 409 638 est,
427 570 479 624 tibi
497 588 579 639 quem
596 571 720 639 promitti
738 570 845 640 saepius
863 570 949 638 audis,

159 649 304 716 Augustus
323 648 431 715 Caesar,
449 647 511 700 Diri
528 663 621 715 genus,
639 664 722 702 aurea
739 647 837 701 condet

159 723 272 778 Saecula
289 724 336 799 qui
354 741 448 777 rursus
467 724 546 778 Latio
564 728 677 792 regnata
694 741 745 794 per
762 741 827 778 arva

159 800 276 854 Saturno
294 801 440 869 quondam,
459 817 541 868 super
559 804 588 854 et
606 801 785 854 Garamantas
803 803 832 854 et
851 799 936 852 Indos

159 876 285 930 l'roferet
302 877 451 946 inperium3
468 877 540 930 iacet
558 880 638 930 extra
656 878 747 930 sidera
764 877 852 945 tellus,
973 890 1011 930 aas

160 953 245 1006 llntra
262 955 325 1006 anni
344 954 464 1022 solisque
481 954 545 1021 vias,
563 953 611 1006 ubi
628 953 739 1007 caelifer
759 953 838 1006 Atlas

159 1031 249 1101 hiem
267 1030 381 1084 humero
398 1032 511 1098 torquet
529 1029 615 1083 stellis
632 1029 793 1082 ardentibus
811 1034 912 1098 aptum.

159 1106 249 1159 liuius
266 1106 294 1159 in
312 1107 461 1160 adventum
479 1106 533 1158 iam
550 1121 623 1158 nune
641 1109 670 1159 et
688 1105 787 1174 (laepia
803 1122 889 1172 regna

159 1173 307 1249 Responsis
323 1182 438 1236 horrent
455 1182 546 1235 divom
564 1185 593 1235 et
612 1182 733 1235 Maeotia
750 1182 837 1245 tellus

159 1258 196 1312 lit
214 1259 420 1326 septemgemini
438 1257 553 1312 turbant
570 1258 681 1326 trepida
698 1259 768 1310 ostia
787 1258 850 1312 Nili.
973 1271 1012 1310 soe

159 1333 185 1386 N
187 1351 218 1388 ee
235 1351 300 1388 vero
320 1335 431 1388 Alcides
450 1338 557 1388 tantum
575 1333 682 1387 telluris
700 1334 791 1400 obivit,

160 1410 266 1464 Fixerit
284 1411 440 1479 aeripedem
458 1427 565 1464 cervam
584 1411 655 1478 lieet,
674 1415 722 1464 aut
741 1411 900 1479 Erymanthi

160 1486 267 1540 l'aearit
284 1503 403 1553 nemora,
422 1490 451 1541 et
470 1487 586 1541 Lernam
605 1488 791 1542 tremefecerit
808 1504 887 1553 areu;

160 1563 225 1629 Nee,
243 1563 289 1632 qui
308 1564 458 1632 pampineis
476 1565 563 1618 vietor
580 1564 644 1632 iuga
661 1564 750 1618 flectit
767 1564 888 1632 habenis,
1059 1611 1061 1615 .

160 1639 250 1707 Liber,
268 1657 352 1708 agens
370 1641 442 1694 celso
461 1641 551 1710 Nysae
569 1641 604 1694 de
622 1641 726 1695 vertice
744 1641 829 1708 tigris.
975 1653 1012 1692 ses

159 1717 196 1768 Et
214 1715 371 1770 dubitamus
389 1717 478 1770 adhuc
495 1718 626 1770 virtutem
644 1717 795 1771 extendero
813 1717 901 1782 factis,

160 1795 220 1846 Aut
237 1797 326 1845 metus
347 1793 468 1844 Ausonia
485 1792 613 1858 probibet
631 1795 779 1846 consistere
796 1794 889 1846 terrai

160 1869 227 1932 Quis
244 1867 337 1935 procul
355 1867 401 1919 ille
419 1872 511 1921 autem
529 1868 612 1920 ramis
629 1868 742 1935 insignis
760 1868 847 1921 olivae

160 1944 242 1997 Sacra
259 1944 368 1997 fereusl
387 1943 412 1995 N
415 1959 477 1995 osce
495 1943 578 1994 erinis
595 1943 745 2012 incanaque
763 1947 856 1997 menta

161 2019 245 2086 Regis
264 2019 387 2082 Romani,
406 2019 521 2086 primam
540 2019 587 2086 qui
604 2018 710 2085 legibus
727 2019 824 2072 urbem
976 2035 1014 2074 sio

161 2095 307 2161 Fundabit,
326 2094 444 2148 Curibus
461 2095 552 2162 parvis
571 2097 599 2147 et
617 2111 738 2163 paupere
756 2099 830 2148 terra

160 2171 260 2225 Missus
278 2172 306 2224 in
324 2169 457 2238 inperium
475 2187 610 2237 magnum.
647 2170 697 2224 Oui
715 2171 815 2224 deinde
833 2170 944 2240 subibit

160 2249 225 2303 Otia
243 2249 289 2318 qui
308 2251 417 2316 rumpet
435 2249 539 2316 patriae
557 2247 715 2316 residesque
734 2247 853 2301 movebit

160 2326 253 2379 Tullus
271 2326 298 2380 in
318 2342 393 2379 arma
410 2325 480 2378 virus
498 2329 527 2378 et
545 2325 598 2378 iam
617 2325 730 2378 desueta
748 2325 893 2394 triumphis

162 2403 287 2470 Agmina.
325 2402 411 2467 Quem
430 2403 507 2456 iuxta
525 2402 650 2470 sequitur
667 2402 811 2456 iactantior
830 2408 932 2467 Auens,
977 2416 1013 2454 sis

161 2480 239 2532 Nunc
257 2495 365 2547 quoque
383 2479 436 2532 iam
455 2479 568 2532 nimium
588 2479 711 2546 gaudens
732 2479 908 2548 popularibus
930 2477 1011 2531 auris

84 2593 86 2600 ,
160 2555 211 2609 Vis
229 2559 258 2608 et
276 2555 437 2623 Tarquinios
454 2572 540 2622 reges,
559 2556 733 2625 animamque
751 2556 896 2624 superbam

160 2631 265 2685 Ultoris
284 2631 374 2698 Bruti,
391 2632 532 2700 fascesque
550 2631 644 2684 videre
662 2633 804 2700 receptos?

161 2707 285 2761 Consulis
303 2707 438 2775 inperium
456 2707 500 2760 hic
517 2707 620 2774 primus
638 2721 786 2776 saevasque
804 2723 913 2760 secures

163 2784 294 2851 Accipiet,
311 2787 444 2851 natosque
461 2786 542 2852 pater
557 2799 627 2836 nova
645 2783 716 2837 bella
733 2784 867 2837 moventis
976 2795 1014 2834 sae

163 2859 207 2912 Ad
226 2876 342 2927 poenam
359 2859 471 2928 pulchra
488 2875 537 2926 pro
555 2858 684 2913 libertate
701 2860 816 2925 vocabit,

162 2937 275 2990 Infelix!
296 2931 453 3004 Utcumque
469 2935 559 2988 forent
577 2952 610 2988 ea
626 2935 700 2990 faeta
717 2936 842 3003 minores,

162 3013 261 3066 Vincet
278 3029 355 3066 amor
372 3013 477 3080 patriae
494 3010 662 3081 laudumque
678 3013 802 3066 inmensa
819 3012 924 3082 cupido.

162 3090 233 3155 Quin
251 3090 350 3144 Decios
369 3089 527 3158 Drusosque
544 3090 636 3157 procul
656 3105 820 3159 saevumque
839 3089 927 3144 securi

162 3167 264 3237 Aspice
281 3167 448 3236 Torquatum
466 3169 496 3221 ct
513 3165 677 3220 referentem
695 3167 772 3235 signa
786 3166 941 3224 Camillum
976 3180 1013 3220 aas
