2274 3554
141 109 170 154 98
375 104 403 152 Ρ.
426 105 577 154 VERGILI
595 107 760 156 MARONIS

141 187 231 250 Quare
248 187 329 254 agite,
347 203 364 240 o
384 189 471 255 tectis,
489 190 609 253 iuvenes,
629 189 766 242 succedite
784 191 890 246 nostris

140 262 186 314 Mo
205 279 314 330 quoque
332 280 383 330 per
400 265 501 318 multos
520 264 615 316 similis
635 264 744 317 fortuna
761 265 869 320 labores

142 341 274 393 lactatam
294 340 343 392 hac
362 340 473 394 demum
491 342 577 394 voluit
596 342 744 395 consistere
762 346 844 397 terra.

141 417 201 468 Non
221 418 315 484 ignara
333 417 397 470 mali
416 419 522 472 miseris
541 435 697 471 succurrere
716 418 797 472 disco.

141 494 184 547 ‘lic
202 498 349 560 mernorot5
369 495 448 547 simul
468 498 582 550 Aenean
600 495 627 548 in
645 496 721 564 regia
739 496 815 554 ducit

140 568 230 638 'lecta
248 571 327 624 simul
347 572 438 624 divom
457 573 566 640 templis
584 572 679 625 indicit
696 572 832 626 honorem.

140 647 197 700 llcc
216 649 305 702 minus
323 649 429 701 interea
447 650 525 702 sociis
544 649 580 701 ad
597 649 679 702 litora
695 648 782 701 mittit

141 723 247 791 Viginti
266 729 365 792 tauros,
385 743 544 794 magnorum
562 725 702 778 horrentia
720 729 828 778 centum

140 800 227 868 Terga
240 819 326 869 suum,
338 803 444 871 pinguis
456 806 566 856 centum
578 818 640 855 eum
652 800 786 854 matribus
798 817 888 870 agnos,
958 817 994 855 oss

140 876 255 931 Munera
273 878 462 949 laetitiamque
480 879 532 932 dei.

141 955 180 1006 At
198 953 294 1008 domus
312 957 426 1010 interior
444 956 529 1024 regali
548 954 693 1024 splendida
711 954 777 1009 luxu

140 1029 297 1098 instruitur,
317 1033 470 1104 mediisque
488 1035 586 1100 parant
604 1032 724 1084 convivia
742 1031 836 1084 tectis:

140 1109 210 1160 Arte
228 1108 367 1164 laboratae
385 1115 475 1164 vestes
494 1115 622 1177 ostroque
641 1107 765 1176 superbe,

140 1183 239 1251 Ingens
258 1193 401 1254 argentum
419 1188 526 1253 mensis,
546 1185 705 1253 caelataque
724 1184 751 1236 in
769 1201 835 1237 auro
956 1199 993 1238 σω

139 1259 231 1314 Fortia
249 1263 320 1315 facta
338 1267 455 1331 patrum,
475 1264 558 1316 series
576 1262 732 1328 longissima
750 1277 841 1313 rerum

139 1334 191 1388 Per
209 1341 252 1390 tot
271 1339 353 1392 ducta
372 1341 443 1392 viros
461 1340 591 1407 antiquae
608 1337 643 1390 ab
662 1338 766 1405 origine
783 1337 879 1404 gentis.

173 1413 406 1482 Aeneas-neque
425 1415 496 1466 enim
515 1414 619 1481 patrius
638 1415 787 1468 consistere
806 1417 925 1466 mentem

139 1487 237 1541 Passus
255 1490 489 1558 uilior—rapidum
509 1489 545 1542 ad
562 1490 637 1541 navis
656 1489 808 1555 praemittit
828 1489 962 1552 Achaten,

139 1566 255 1619 Ascanio
273 1566 343 1618 ferat
361 1565 434 1630 haee,
452 1565 595 1632 ipsumque
613 1564 649 1616 ad
667 1565 772 1616 moenia
790 1563 887 1631 ducat;
955 1579 991 1617 aas

138 1639 233 1694 Omnis
250 1643 278 1694 in
298 1642 415 1696 Ascanio
434 1641 488 1694 cari
507 1644 564 1692 stat
582 1656 647 1692 cura
665 1640 793 1708 parentis.

138 1717 252 1771 Munera
270 1721 419 1786 praeterea,
440 1715 529 1768 Iliacis
547 1719 643 1783 erepta
660 1715 752 1779 ruinis,

139 1794 223 1847 Ferre
240 1794 324 1861 iubet,
343 1794 442 1862 pallam
461 1793 545 1860 signis
563 1809 684 1861 auroque
702 1792 843 1859 rigentem,

139 1871 174 1924 Et
192 1871 400 1924 circumtextum
418 1886 512 1922 croceo
532 1869 652 1922 velamen
671 1867 794 1932 acantho,

140 1949 257 2001 Ornatus
277 1948 397 2016 Argivae
417 1947 547 2014 Helenae,
565 1963 633 2015 quos
651 1945 697 1999 illa
715 1944 842 2012 Mycenis,
954 1957 990 1997 oso

139 2024 272 2092 Pergama
290 2041 351 2078 cum
369 2027 477 2092 peteret
495 2023 717 2091 inconcessosque
736 2022 914 2089 Hymenaeos,

138 2101 289 2168 Extulerat,
306 2101 401 2154 matris
421 2099 513 2154 Ledae
531 2099 654 2155 mirabile
672 2099 786 2153 donum:

139 2177 285 2230 Praeterea
303 2183 448 2245 sceptrum,
468 2177 554 2231 Ilione
573 2177 646 2246 quod
663 2179 787 2244 gesserat
804 2176 875 2242 olim,

138 2253 267 2306 Maxuma
284 2258 409 2307 natarum
431 2254 539 2322 Priami,
558 2255 681 2323 colloque
699 2253 798 2306 monile

139 2329 277 2394 Bacatunr,
296 2335 324 2383 ct
342 2331 478 2399 duplicem
496 2331 611 2398 gemmis
628 2346 749 2398 auroque
767 2345 899 2381 eoronam.
956 2343 992 2382 oo

141 2405 215 2458 llaec
234 2406 354 2460 celerans
372 2408 427 2460 iter
445 2406 480 2459 ad
499 2407 574 2460 navis
592 2406 725 2460 tendebat
744 2404 872 2458 Achates.

174 2484 213 2534 nt
232 2482 367 2549 Cytherea
385 2500 467 2536 novas
487 2484 562 2549 artis,
580 2499 648 2534 nova
666 2486 776 2550 pectore
795 2483 886 2534 versat

139 2557 263 2618 Consilia,
280 2562 312 2610 ut
330 2559 424 2612 faciem
443 2563 564 2612 ulutatus
583 2562 676 2612 ctera
695 2557 800 2626 Cupido

140 2633 192 2685 Pro
211 2633 283 2686 dulci
304 2635 420 2688 Ascanio
439 2636 537 2698 veniat,
556 2635 690 2703 donisque
708 2635 844 2688 furentem

141 2709 272 2762 lucendat
291 2712 419 2778 reginam,
437 2714 520 2780 atquc
539 2711 644 2765 ossibus
663 2711 775 2780 inplicet
793 2711 896 2778 ignem;
954 2725 991 2765 os]

139 2785 245 2854 Quippe
264 2787 374 2840 domum
392 2788 471 2842 timet
489 2788 644 2856 ambiguam
664 2788 812 2856 Tyriosque
830 2787 973 2854 bilinguis,

139 2861 203 2916 Urit
220 2869 299 2916 atrox
319 2865 395 2931 luno,
414 2869 442 2918 ct
460 2864 510 2918 sub
528 2869 636 2918 noctem
655 2881 719 2918 cura
737 2867 864 2918 recursat.

139 2939 211 3007 Ergo
229 2939 272 2994 his
289 2941 421 3009 aligerum
439 2941 518 2995 dictis
536 2942 646 2995 adlatur
666 2944 809 2994 Amorem:

139 3017 218 3084 Nato,
236 3033 313 3072 meae
331 3018 409 3084 vires,
428 3035 489 3071 mea
506 3035 604 3086 magna
621 3019 745 3088 potentia
764 3018 842 3080 solus,

139 3091 218 3162 Nate,
236 3095 322 3163 patris
340 3095 437 3148 summi
455 3095 501 3164 qui
520 3096 576 3148 tela
594 3095 714 3164 'lpphoia
733 3094 837 3158 temnis,
954 3101 993 3138 θ’*

139 3169 186 3222 Ad
203 3174 233 3223 to
250 3171 374 3239 mnfugio
392 3175 421 3225 et
440 3172 552 3240 supplex
572 3177 619 3223 lui
637 3173 746 3225 nmnina
763 3185 848 3237 poseo.
