2274 3554
443 139 624 190 AENEIDOS
641 141 711 190 LIB.
731 141 769 190 11.
984 145 1029 198 10⁷

184 220 245 273 Neu
263 220 392 289 populum
411 219 526 288 antiqua
543 220 594 273 sub
612 221 743 288 religione
760 222 838 278 tueri.

182 297 253 350 Nam
273 296 295 348 si
313 301 405 349 vestra
423 313 519 350 manus
537 297 665 351 violasset
684 297 756 351 dona
774 299 920 369 Minervae,

181 373 250 426 Tum
259 389 388 440 magnum
398 372 624 442 exitium-quod
634 373 662 426 di
672 375 746 442 prius
756 391 835 428 omen
844 377 872 430 in
882 379 970 446 ipsum
996 393 1033 433 rso

182 449 500 505 Convertuntl-Priami
519 450 624 517 inperio
643 449 852 520 Phrygibusque
869 454 1008 519 sutumm;

182 529 228 582 Sin
247 525 371 579 manibus
389 526 488 578 vestris
506 530 626 580 vestram
645 527 813 582 ascendisset
831 530 858 582 in
875 530 980 600 urbem,

184 605 263 658 Ultro
282 603 378 656 Asiam
396 619 493 670 magno
513 603 631 672 Pelopea
649 605 685 658 ad
702 606 809 660 moenia
825 605 897 659 bello

181 681 341 747 Venturam,
361 682 390 732 et
408 683 516 733 nostros
533 697 566 734 ea
583 681 642 736 fata
659 699 770 737 manere
788 687 908 751 nepotes.

215 757 326 811 Talibus
344 754 450 808 insidiis
468 757 624 826 periurique
642 763 702 813 arte
721 760 828 813 Sinonis
997 776 1033 816 aas

180 835 294 890 Credita
311 851 364 902 res,
382 834 509 903 captique
528 834 597 888 dolis
615 835 788 905 lacrimisque
805 839 911 908 coactis,

181 913 255 977 Quos
272 929 362 980 neque
380 911 506 979 Tydides,
526 928 575 965 nee
594 912 751 966 Larissaeus
770 914 899 982 Achilles,

180 989 243 1042 Non
260 990 323 1042 armi
342 989 472 1042 domuere
491 987 593 1054 decem,
611 1006 664 1042 non
683 989 757 1043 mille
775 991 887 1044 carinae.

215 1065 269 1120 Hic
287 1065 362 1120 aliud
379 1066 467 1118 maius
485 1065 592 1118 miseris
609 1066 750 1134 multoque
768 1068 941 1121 tremendum

180 1142 315 1197 obiicitur
332 1143 426 1209 magis,
444 1146 528 1210 atque
546 1142 687 1210 inprovida
706 1147 816 1211 pectora
833 1143 935 1198 turbat.
996 1161 1033 1200 aaa

180 1220 310 1287 Laocoon,
328 1218 428 1273 ductus
446 1219 576 1288 Neptuno
595 1223 668 1272 sorte
687 1220 819 1284 sacerdos,

180 1297 322 1350 Sollemnis
340 1300 449 1350 taumm
468 1297 607 1364 ingentem
626 1297 764 1350 mactabat
782 1297 817 1350 ad
835 1313 902 1350 aras.

180 1373 248 1427 Ecce
266 1377 357 1428 autem
376 1372 476 1440 gemini
495 1389 511 1426 a
531 1372 642 1426 Tenedo
660 1373 808 1442 tranquilla
826 1391 876 1444 per
893 1374 984 1428 alta—

180 1451 316 1504 Horreseo
336 1449 621 1503 referens-inmensis
640 1450 750 1504 orbibus
770 1467 872 1518 angues

179 1526 346 1581 incumbunt
364 1527 467 1594 pelage,
485 1527 645 1594 pariterque
663 1527 698 1580 ad
716 1527 797 1580 litora
815 1528 947 1594 tendunt;
994 1543 1031 1584 aas

180 1603 294 1658 Pectora
312 1619 425 1671 quorum
445 1603 518 1655 iuter
536 1603 635 1656 fluctus
653 1607 760 1657 arrecta
779 1603 914 1671 iubaeque

179 1681 347 1748 Sanguineae
365 1684 495 1747 superant
513 1680 614 1741 undas;
633 1697 697 1748 pars
714 1685 806 1734 cetera
824 1687 936 1750 pontum

179 1757 252 1811 Pone
269 1756 338 1823 legit
356 1756 500 1824 sinuatque
518 1755 641 1811 inmensa
658 1757 792 1810 volumine
810 1761 895 1825 terga.

178 1835 225 1888 Fit
244 1835 348 1887 sonitus
367 1835 511 1900 spumante
530 1831 599 1894 salo;
617 1831 727 1900 iamque
745 1850 809 1886 arva
827 1834 965 1900 tenebant,

178 1911 366 1978 Ardentisque
384 1907 474 1960 oculos
492 1907 597 1961 suffecti
616 1909 746 1975 sanguine
764 1913 792 1962 et
809 1910 872 1976 igni,
993 1925 1031 1964 alo

178 1988 262 2042 Sibila
279 1984 437 2038 lambebant
455 1982 554 2049 linguis
572 1983 743 2038 vibrantibus
761 2002 813 2038 ora.

179 2062 342 2129 Diffugimus
361 2061 420 2112 visu
437 2075 594 2125 exsangues.
634 2059 678 2111 illi
697 2061 803 2126 agmine
822 2067 897 2116 certo

179 2139 334 2192 Laocoonta
352 2139 465 2204 petunt;
484 2139 513 2188 ct
530 2135 647 2202 primurn
667 2151 750 2202 parva
769 2136 883 2190 duorum

179 2216 299 2282 Corpora
317 2219 444 2264 natorum
462 2227 575 2279 serpens
593 2210 734 2278 amplexus
751 2216 869 2280 uterque

180 2291 297 2360 inplicat
315 2293 344 2341 et
362 2289 474 2342 miseros
492 2303 584 2340 morsu
601 2286 759 2356 depascitur
776 2292 867 2354 artus;
995 2308 1032 2348 aus

180 2368 246 2421 Post
264 2368 360 2436 ipsum,
379 2365 479 2418 auxilio
497 2365 660 2418 subeuntem
680 2381 710 2418 ac
729 2365 784 2418 tela
802 2365 942 2436 ferentem,

180 2444 344 2513 Corripiunt,
365 2443 500 2512 spirisque
518 2443 605 2510 ligant
624 2440 795 2510 ingentibus;
814 2448 843 2497 ct
860 2444 914 2498 iam

179 2524 226 2577 Bis
244 2522 365 2574 medium
384 2520 510 2589 amplexi,
530 2519 572 2572 bis
590 2519 659 2572 eollo
678 2538 807 2588 squamea
824 2521 926 2574 circum

179 2601 266 2666 Terga
285 2599 349 2660 dati,
368 2603 498 2666 superant
516 2599 605 2666 capite
624 2601 652 2650 et
670 2598 819 2651 cervicibus
837 2598 906 2652 altis

180 2677 230 2730 ille
248 2677 328 2729 simul
347 2676 472 2729 manibus
490 2675 581 2730 tendit
599 2673 729 2728 divellere
746 2674 839 2742 nodos,
996 2689 1030 2728 aaa

180 2754 309 2808 Perfusus
327 2756 403 2810 sanie
418 2755 502 2807 vittas
521 2757 636 2822 atroque
656 2769 765 2816 veneno,

178 2833 317 2887 Clamores
336 2834 414 2886 simul
433 2831 584 2886 horrendos
602 2830 638 2883 ad
657 2830 747 2884 sidera
764 2828 849 2882 tollit:

178 2911 270 2974 Qualis
287 2913 415 2979 mugitus,
433 2910 504 2978 fugit
523 2927 583 2963 cum
602 2907 708 2960 saucius
726 2922 799 2958 aram

178 2987 283 3040 Taurus
301 2993 330 3041 et
348 2988 481 3040 incertam
501 2985 619 3039 excussit
638 2983 741 3035 cervice
761 2981 881 3032 securim.

179 3067 219 3118 At
236 3065 339 3133 gemini
357 3065 435 3132 lapsu
454 3063 569 3116 delubra
588 3061 623 3114 ad
642 3075 746 3112 surnrna
765 3057 895 3109 dracones
989 3074 1023 3112 aa

180 3143 320 3209 Effugiant
339 3157 489 3209 saevaeque
507 3143 606 3208 petunt
625 3135 772 3189 Tn'tonidis
791 3150 888 3197 arcem,

180 3218 235 3272 Sub
253 3215 425 3284 pedibusque
442 3216 510 3270 deae
529 3214 663 3286 clipeique
681 3209 732 3266 sub
750 3210 817 3264 orbe
834 3213 971 3278 teguntur.
