2232 3556
151 170 198 217 264
406 167 434 212 P.
454 164 569 211 vanai
576 163 610 209 121
630 161 798 209 Marionis

150 247 218 300 Tum
239 245 332 300 Bitian
350 244 494 298 ardentem
512 244 596 298 oeulis
617 242 769 310 animisque
787 242 960 309 frementem,

152 323 213 376 Nou
232 323 334 388 iaculo;
358 339 448 391 neque
467 321 539 374 enim
555 321 641 374 iaculo
660 321 744 373 vitain
764 319 810 372 ille
829 318 967 383 dedisset3

152 397 207 452 Sed
225 415 354 467 maguum
374 398 494 452 stridens
515 401 640 450 contorta
657 396 795 465 phalarica
813 395 895 460 veuit,
966 408 1003 450 roe

154 475 286 528 Fulminis
302 479 363 529 acta
380 474 475 538 modo;
500 491 581 542 quarn
600 490 650 526 nee
667 472 721 525 duo
740 476 836 526 taurea
852 475 939 539 terga,

153 550 211 604 Nec
230 550 332 620 duplici
353 568 466 620 squama
486 551 570 603 lorica
589 549 677 603 fidelis
697 553 725 602 et
744 565 811 602 auro

152 626 302 692 Sustinuit3
321 628 448 694 conlapsa
462 631 546 679 ruunt
563 625 682 678 inmania
699 625 828 678 membra

153 702 207 756 Dat
222 703 305 756 tellus
323 703 463 770 gemitum,
482 707 511 755 et
530 702 647 770 clipeum
664 717 746 769 super
764 701 871 754 intonat
886 700 991 767 ingens

152 777 225 832 Talis
245 779 272 832 in
292 778 411 832 Euboico
431 780 557 832 Baiarum
578 777 658 831 litore
677 777 812 845 qnondam
966 789 1005 830 πο

152 854 240 908 Saxea
258 855 314 923 pila
330 855 412 921 cadit,
435 854 540 923 magnis
560 871 642 922 qnam
661 852 778 906 molibus
796 857 861 907 aute

153 930 344 984 Constructam
362 935 446 999 ponto
466 931 582 984 iaciunt:
606 930 645 983 sic
660 930 707 983 illa
726 931 831 982 ruinam

155 1006 243 1060 Prona
261 1007 353 1074 trahit,
372 1008 536 1076 penitusque
554 1007 631 1059 vadis
649 1005 729 1059 inlisa
747 1005 896 1070 recumbit,

153 1082 271 1137 Miscent
291 1101 320 1137 se
338 1084 430 1151 maria,
450 1087 479 1136 et
497 1082 590 1150 nigrae
610 1082 773 1135 attolluntur
793 1098 906 1146 arenae;

153 1158 221 1212 Tum
236 1160 327 1214 sonitu
344 1159 479 1228 Prochyta
495 1159 551 1211 alta
563 1158 666 1226 tremit,
679 1158 834 1226 durumque
846 1157 935 1212 cubile
966 1173 1005 1214 rie

155 1235 273 1289 Inarime
293 1236 366 1288 Iovis
386 1235 498 1304 inperiis
518 1233 625 1302 inposta
645 1233 778 1302 Typhoea.

189 1311 243 1364 Hic
261 1311 337 1364 Mars
354 1312 522 1378 armipotens
540 1310 660 1362 animum
677 1310 798 1378 virisque
817 1310 922 1364 Latinis

156 1387 279 1454 Addidit,
299 1391 328 1440 et
346 1386 469 1439 stimulos
487 1387 557 1439 acris
576 1385 627 1438 snb
645 1389 757 1454 pectore
775 1387 872 1452 vertit;

155 1463 316 1530 Inmisitqnc
335 1462 440 1530 Fugam
459 1461 570 1515 Teucris
587 1466 733 1531 atrumque
751 1462 895 1518 Timorem.

157 1539 284 1606 Undique
300 1538 472 1603 conveniunt,
491 1539 618 1606 quoniam
637 1538 703 1592 data
720 1539 798 1605 copia
815 1555 929 1607 pugnae,
965 1553 1006 1594 m

158 1615 330 1680 Bellatorque
348 1613 438 1665 animo
457 1613 525 1666 deus
542 1614 645 1668 incidit.

159 1689 301 1754 Pandarus,
319 1693 351 1741 ut
368 1689 428 1742 fuso
445 1705 606 1756 germanum
624 1707 736 1760 corpore
754 1692 849 1760 ceruit,

158 1767 189 1819 lit
207 1782 261 1834 quo
279 1765 315 1818 sit
333 1765 441 1819 fortuna
458 1766 524 1834 loco,
543 1767 591 1835 qui
609 1783 686 1820 casus
704 1771 769 1835 abeat
786 1785 837 1834 res.

157 1843 266 1896 Portam
283 1842 310 1894 ri
328 1841 415 1896 multa
432 1858 561 1895 converso
578 1843 690 1897 cardine
708 1847 827 1912 torquet,

155 1918 277 1972 llbnixus
295 1919 359 1972 latis
377 1917 504 1986 humeris,
522 1919 678 1988 multosque
696 1935 805 1973 snorum
965 1935 1005 1976 rae

154 1994 296 2048 Moenibus
314 1994 436 2048 exclusos
454 1994 524 2047 duro
540 1995 569 2046 in
586 1995 733 2049 certamine
750 1996 862 2064 linquit;

157 2074 207 2124 ,ist
225 2071 292 2124 alios
311 2087 403 2124 secum
421 2069 538 2124 includit
555 2071 708 2140 recipitque
726 2073 839 2139 ruentis,

154 2147 285 2200 Demens!
306 2146 352 2215 qui
372 2146 505 2200 Rutulum
522 2146 550 2198 in
568 2146 659 2200 medio
677 2164 731 2200 non
749 2149 856 2216 agmine
873 2163 968 2215 regem

154 2223 264 2276 Viderit
281 2223 493 2291 inrumpentem,
510 2222 638 2291 ultroque
656 2223 796 2277 incluserit
813 2224 884 2292 urbi,

154 2299 294 2352 inmanem
312 2297 396 2350 veluti
414 2313 513 2365 pecora
530 2298 603 2351 inter
620 2298 719 2353 inertia
737 2300 838 2368 tigrim.
966 2315 1006 2356 rao

153 2375 288 2428 Continuo
305 2389 375 2425 uera
392 2372 439 2425 lux
457 2373 541 2426 oeulis
560 2373 668 2443 effulsit,
686 2379 715 2429 et
733 2391 809 2429 arma

154 2448 329 2504 Horrendum
347 2464 477 2514 sonuere;
495 2452 619 2504 tremunt
636 2451 664 2503 in
682 2453 785 2506 vertice
802 2455 901 2508 cristae

153 2525 330 2593 Sanguineae,
348 2524 489 2592 clipeoque
507 2526 637 2580 micantia
653 2527 767 2582 fulmina
784 2531 880 2584 mittit.

155 2602 334 2670 Adgnoscunt
350 2599 448 2653 faciem
465 2601 580 2654 inrisam
599 2607 682 2672 atque
699 2604 819 2659 inmania
836 2605 959 2659 membra

152 2677 266 2732 'l'urbati
285 2675 376 2730 subito
396 2676 552 2731 Aeneadae.
590 2679 658 2732 'lum
678 2681 819 2734 Pandarus
837 2683 931 2748 ingens
966 2696 1006 2736 ras

154 2754 266 2820 Emicat,
285 2756 314 2806 et
332 2753 429 2806 mortis
447 2753 586 2807 fraternae
604 2755 725 2809 fervidus
742 2757 784 2810 ira

154 2830 270 2883 Effatur:
290 2828 316 2880 N
318 2845 352 2881 on
370 2829 437 2882 haec
456 2829 556 2881 (letalis
574 2831 650 2896 regia
669 2831 802 2898 Amatam

154 2905 211 2958 Nec
229 2904 314 2956 muris
331 2904 440 2957 cohibet
457 2904 555 2971 patriis
573 2905 664 2958 media
683 2908 778 2961 Ardea
796 2909 923 2962 Turnum.

153 2983 251 3033 Castra
267 2978 377 3031 inimica
394 2979 486 3041 vides;
504 2979 578 3032 nulla
595 2978 658 3032 hinc
676 2982 751 3036 exire
769 2987 898 3052 potestas.

154 3055 207 3107 Olli
225 3053 371 3108 subridens
389 3053 485 3128 sedato
501 3058 612 3120 pectore
631 3056 751 3111 Turnus:
793 3077 796 3082 ·
968 3075 1007 3117 uo

157 3129 255 3196 incipe,
273 3129 296 3180 si
315 3143 369 3195 qua
385 3127 475 3180 animo
494 3128 587 3194 virtus,
607 3132 636 3182 et
654 3146 765 3186 consere
783 3133 924 3201 dextram3

154 3201 208 3256 Hic
225 3202 310 3256 etiam
327 3202 468 3256 inventurn
488 3201 596 3255 Priamo
614 3206 738 3259 narrabis
758 3209 889 3263 Achillen.
