2232 3556
152 167 198 212 aas
315 145 317 148 ’
384 164 412 213 P.
431 164 583 212 vnnerm
600 163 767 213 Marionis

151 244 212 298 Hoc
232 261 361 300 concussa
379 248 454 298 motu
472 248 591 296 mentem
612 243 728 296 Iuturna
744 245 837 311 virago

150 321 284 390 Aurigam
303 324 387 376 Turni
406 320 497 374 modia
512 321 586 374 inter
602 320 660 372 lora
677 320 822 374 Metiscum

150 396 269 466 Excutit,
289 403 318 453 et
335 401 416 466 longo
434 398 540 466 lapsum
559 401 668 450 temone
686 397 829 466 relinquit;
971 410 1016 451 470

151 472 216 541 Ipsa
234 474 313 539 subit,
332 473 511 540 manibusque
529 472 658 525 undantis
676 472 763 526 flectit
781 472 908 538 habenas,

151 550 256 605 Cuncta
273 567 378 619 gerens,
396 565 544 617 vocemque
562 552 591 602 et
609 565 707 617 corpus
725 553 753 602 et
771 565 847 601 arma
865 547 988 602 Metisci.

150 626 237 694 Nigra
254 627 329 680 velut
346 641 458 693 magnas
476 625 658 679 dominicum
677 625 769 678 divitis
787 625 870 678 aedes

151 701 279 757 Pervolat
297 707 327 756 et
344 702 441 771 pennis
459 701 515 754 alta
533 701 604 754 atria
621 700 722 754 lustrat
739 700 864 765 hirund0,

151 778 254 832 Pabula
271 795 355 846 parva
373 779 466 846 legens
491 781 619 847 nidisque
649 775 807 844 loquacibus
825 792 915 839 escas;
970 791 1012 830 475

153 854 187 906 Et
204 871 276 906 nunc
294 853 444 923 porticibus
462 852 559 916 vacuis,
578 869 649 905 nunc
667 852 780 906 humida
797 853 897 906 circum

150 929 253 997 Stagna
270 934 360 984 sonat:
380 929 475 982 similis
492 927 597 980 medios
617 928 732 982 luturna
749 946 799 998 per
817 928 903 982 hostis

151 1005 252 1059 Fertur
269 1007 353 1074 equis,
372 1005 523 1073 rapidoque
541 1004 633 1056 volans
651 1004 710 1058 obit
728 1005 818 1057 omnia
836 1021 933 1068 eurru;

151 1081 265 1150 lamque
277 1081 320 1134 hic
332 1097 499 1150 germanum,
511 1081 619 1148 iamque
631 1080 675 1133 hic
687 1084 808 1134 ostentat
820 1084 947 1133 ovantem
957 1101 964 1145 ;

150 1157 175 1210 N
178 1174 209 1211 ec
226 1159 349 1211 conferre
359 1175 469 1213 manum
477 1155 680 1228 patitur3volat
698 1157 759 1209 avia
777 1156 863 1224 longe.
965 1170 1009 1209 eso

151 1233 235 1286 Haud
252 1235 342 1286 miuus
362 1236 470 1286 Aeneas
487 1235 574 1286 tortos
592 1232 660 1299 legit
678 1231 772 1285 obvius
791 1232 871 1297 orbis,

150 1309 332 1378 Vestigatque
350 1309 437 1362 virum
456 1312 484 1361 et
502 1307 616 1360 disiecta
633 1325 683 1376 per
701 1309 809 1376 agmina
826 1325 925 1376 magna

150 1385 225 1440 Voco
243 1390 330 1440 vocat.
368 1385 499 1450 Quotiens
517 1385 608 1438 oculos
625 1385 740 1439 coniecit
758 1386 786 1438 in
804 1385 917 1452 hostem,

150 1462 355 1530 Alipedumque
372 1462 464 1529 fugam
482 1478 564 1514 cursu
581 1461 727 1529 temptavit
745 1477 884 1528 equorum,

150 1539 271 1591 Aversos
289 1539 391 1591 totiens
409 1553 505 1590 currus
524 1538 641 1590 Iuturna
658 1537 781 1590 retorsit.
964 1551 1006 1590 sss

151 1614 221 1679 Heu,
241 1613 308 1681 quid
326 1614 407 1680 agati
444 1611 528 1665 Vario
545 1613 710 1681 nequiquam
729 1612 844 1667 fluctuat
861 1615 949 1680 aestu,

150 1689 335 1757 Diversaeque
354 1691 452 1742 vocant
470 1688 591 1741 animum
609 1689 636 1741 in
655 1689 791 1742 contraria
808 1705 895 1742 curae.

151 1764 223 1818 Huic
241 1765 392 1832 Messapus,
410 1764 451 1818 uti
469 1763 547 1816 laeva
565 1764 619 1817 duo
637 1765 709 1818 forto
726 1765 840 1833 gerebat

150 1840 245 1908 Lenta,
263 1841 330 1894 levis
347 1857 435 1906 cursu,
452 1840 574 1908 praefixa
591 1840 700 1894 hastilia
717 1842 797 1905 ferro,

150 1915 257 1970 Horum
275 1933 359 1971 unum
378 1921 454 1970 corto
471 1919 654 1985 contorquens
671 1916 768 1984 dirigit
785 1917 848 1970 ictu
963 1931 1005 1970 seo

149 1992 279 2046 Substitit
298 1996 414 2058 Aeneas,
434 1996 463 2045 ct
481 2008 510 2044 sc
528 1993 637 2060 collegit
654 1993 682 2044 in
702 2009 783 2058 arma,

150 2068 257 2137 Poplite
275 2068 434 2133 subsidens;
452 2068 556 2136 apicem
574 2073 666 2122 tamen
685 2069 769 2122 incita
786 2085 922 2122 summum

149 2145 239 2198 Hasta
256 2145 328 2209 tulit,
348 2161 520 2212 summasque
539 2145 658 2198 excussit
675 2146 779 2198 vertice
796 2145 900 2198 cristas.

149 2220 216 2273 Tum
235 2237 300 2273 vero
318 2221 470 2288 adsurgunt
488 2220 559 2285 irae;
577 2220 738 2289 insidiisque
757 2220 893 2288 subactus,

149 2295 277 2348 Diversos
295 2295 343 2349 ubi
361 2296 446 2350 sentit
463 2313 547 2364 equos
565 2313 729 2364 currumque
746 2296 850 2356 referri.
963 2311 1002 2352 tes

149 2371 238 2425 Multa
258 2373 350 2425 lovem
368 2375 397 2424 et
415 2371 481 2425 laesi
500 2376 618 2425 testatus
635 2373 755 2425 foederis
773 2389 841 2440 aras,

151 2448 209 2500 Iam
228 2448 341 2500 tandem
358 2446 464 2501 invadit
482 2447 593 2515 medios,
612 2452 641 2501 et
661 2448 751 2502 Marte
768 2447 888 2502 secundo

148 2523 288 2577 Terribilis
306 2540 413 2578 saevam
430 2523 504 2576 nullo
523 2524 678 2577 discrimino
696 2525 807 2578 caedem

149 2600 275 2666 Suscitat,
293 2601 449 2668 irarumque
467 2600 554 2654 omnis
572 2601 689 2654 effundit
707 2601 836 2655 habenas.

183 2676 250 2740 Quis
261 2676 327 2729 mihi
339 2693 411 2730 nunc
425 2680 468 2731 tot
483 2677 582 2730 acerba
598 2677 673 2745 deus,
687 2679 748 2746 quis
765 2679 884 2731 carmine
899 2679 1003 2732 caedes

151 2752 283 2817 Diversae,
302 2752 462 2820 obitumque
480 2753 587 2820 ducum,
605 2770 673 2822 quos
692 2771 810 2823 aequore
828 2757 887 2808 toto

150 2829 237 2896 lnquo
255 2829 341 2880 vicem
358 2845 430 2881 nunc
448 2829 555 2882 Turnus
573 2831 637 2898 agit,
655 2847 726 2884 nuuc
745 2830 841 2884 Troius
858 2829 946 2898 heros,

148 2903 303 2972 Expediatl
321 2904 424 2957 tanton’
442 2905 545 2973 placuit
563 2923 724 2961 concurrere
741 2911 825 2973 motu,

149 2978 282 3047 luppiter,
300 2984 413 3033 aeterna
430 2981 520 3047 gentis
537 2982 565 3034 in
582 2999 649 3051 pace
667 2984 791 3037 futurasi

148 3055 258 3108 Aeneas
278 3055 410 3108 Rutulum
429 3056 652 3124 Sucronem-ea
669 3060 758 3126 prima
776 3057 881 3112 ruentis
962 3072 1001 3113 sos

149 3129 244 3196 Pugna
261 3130 320 3184 loco
338 3131 437 3186 statuit
455 3132 681 3186 Teucros—haud
699 3136 787 3188 multa
804 3137 964 3197 morantem,

148 3203 259 3274 Excipit
276 3205 305 3261 in
321 3205 402 3274 latus,
420 3210 457 3274 ot,
476 3224 530 3276 qua
547 3208 604 3262 fata
621 3209 769 3278 celerrima
787 3209 901 3264 crudum
