2234 3554
424 121 608 170 AENEIDOS
624 121 694 170 LIB.
716 122 765 170 IV.
970 124 1016 172 155
1108 129 1109 188 Ῐ

162 207 344 258 'tercentum
362 205 441 257 tonat
458 219 506 256 ore
524 202 596 269 deos,
616 202 790 272 Erebumque
809 202 953 272 Chaosque
980 217 1018 258 515

162 279 406 348 Tergeminamque
426 279 559 346 Hecaten,
577 278 632 332 tria
649 278 763 347 virginis
782 295 830 332 ora
847 280 961 334 Dianae.

162 357 307 425 Sparserat
324 359 353 410 55
370 355 468 409 1551555
487 354 630 408 5115515555
648 355 733 408 155515
753 355 864 423 Averni,

163 431 290 486 Falcibus
307 435 336 486 et
354 447 459 485 messae
477 431 514 484 ad
533 431 638 484 Lunam
657 436 826 500 quaeruntur
844 433 919 487 aenis

163 509 301 562 Pubentes
319 508 420 562 herbae
437 507 509 575 nigri
527 524 589 560 cum
607 508 678 562 lacte
697 509 809 574 veneni;

161 585 309 649 Quaeritur
328 587 356 637 et
373 584 510 638 nascentis
529 583 594 652 equi
613 583 649 637 de
667 583 759 638 fronte
778 585 901 639 revolsus
981 601 1018 642 515

162 661 198 714 Et
215 661 298 714 matri
315 663 480 728 praereptus
498 676 582 713 amor.
668 672 671 680 '

162 737 227 806 Ipsa
245 735 316 789 mols
333 735 513 804 manibusque
531 737 583 804 piis
601 735 701 791 altaria
719 735 805 806 iuxta,

161 813 253 866 Unum
271 816 354 866 exuta
371 812 471 880 pedem
489 812 591 880 vinclis,
610 813 640 866 15
657 817 734 868 55555
751 814 879 882 recincta,

161 889 290 942 Testatur
306 889 441 942 moritura
459 888 525 942 deos
543 893 572 942 et
591 889 696 942 conscia
713 890 761 944 fat'

159 965 272 1030 Sidera3
290 969 358 1034 tum,
376 966 399 1018 si
418 965 492 1033 quod
509 982 563 1018 non
581 983 668 1034 aequo
686 966 798 1020 foedere
816 967 934 1021 amantis
980 992 1015 1032 520

161 1042 250 1096 (lurae
267 1059 367 1096 numen
385 1042 468 1096 babet
486 1042 643 1110 iustumque
661 1059 827 1111 memorque,
845 1046 981 1112 precatur.

194 1119 256 1172 Nox
275 1123 342 1186 erat,
360 1122 390 1172 55
407 1118 544 1188 placidum
562 1117 711 1187 carpebant
729 1119 802 1173 fessa
820 1136 945 1188 soporem

161 1195 280 1264 Corpora
297 1212 347 1264 per
364 1199 460 1268 terras,
481 1194 619 1263 silvaeque
637 1198 667 1248 et
686 1211 767 1248 saeva
784 1196 912 1264 quierant

162 1274 298 1340 Aequora,
316 1288 379 1326 cum
397 1271 488 1324 medio
507 1271 653 1324 volvuntur
674 1270 765 1324 sidera
783 1271 867 1339 lapsu,

154 1348 230 1402 ¹(lum
242 1351 317 1402 tacet
328 1348 415 1402 omnis
427 1365 501 1416 ager,
514 1346 633 1416 pecudes
646 1347 792 1416 pictaeque
804 1347 934 1416 volucres,
978 1363 1015 1404 555

162 1423 291 1492 chaequc
308 1424 383 1477 lacus
400 1423 456 1478 late
473 1423 599 1492 liquidos,
619 1440 744 1492 quaeque
762 1441 859 1492 aspera
878 1424 969 1478 dumis

162 1499 237 1553 Rura
253 1503 356 1567 tenent,
375 1516 468 1554 somno
486 1500 591 1568 positae
610 1499 661 1554 sub
679 1502 760 1554 nocte
781 1501 872 1554 silenti

160 1575 308 1644 [Lenibant
326 1593 411 1642 curas,
431 1580 460 1630 et
478 1576 561 1630 corda
579 1575 663 1630 oblita
682 1575 824 1646 laborum}

153 1652 202 1706 -At
218 1669 271 1706 non
289 1651 383 1706 infelix
400 1653 483 1706 animi
503 1652 656 1720 Phoenissa,
675 1670 726 1708 nec
745 1670 875 1722 umquam

160 1728 280 1782 Solvitur
296 1729 325 1781 iu
342 1745 458 1794 somnos,
477 1729 595 1782 oculisve
613 1732 662 1782 aut
679 1732 791 1798 pectore
808 1733 917 1784 noctem
978 1745 1015 1785 555

162 1806 284 1873 Accipit:
303 1805 473 1873 ingeminant
490 1822 579 1872 curuo,
597 1823 746 1873 rursusque
764 1823 910 1874 resurgens

161 1881 253 1936 Saevit
271 1897 354 1948 amor,
372 1897 526 1948 magnoque
543 1881 646 1934 irarum
664 1881 778 1934 fluctuat
796 1886 880 1936 aestu.

160 1957 205 2012 Sic
222 1958 291 2011 adeo
308 1956 420 2021 insistit,
439 1971 584 2022 secumque
602 1957 642 2008 ita
660 1957 742 2008 corde
762 1957 880 2012 volutat:

162 2034 210 2102 lln,
229 2031 296 2102 quid
313 2033 382 2098 agol
400 2047 530 2082 rursusne
548 2047 643 2098 procos
662 2031 745 2083 inrisa
763 2033 868 2099 priores

157 2109 302 2178 Experiar,
320 2105 530 2172 Nomadumque
548 2109 640 2174 petam
661 2107 794 2160 connubia
812 2109 935 2177 supplex,
977 2125 1014 2166 555

162 2187 236 2251 Quos
254 2199 304 2249 ego
323 2182 373 2234 sirn
391 2181 493 2234 totiens
510 2183 564 2234 iam
583 2181 732 2249 dedignata
749 2183 878 2238 maritosl

164 2261 260 2314 1115555
277 2259 361 2326 igitur
379 2257 471 2310 classis
489 2262 572 2326 atque
590 2257 687 2310 ultima
705 2259 837 2312 Teucrum

164 2337 242 2389 Iussa
260 2336 372 2404 sequani
392 2333 491 2404 quiane
509 2335 609 2388 auxilio
626 2333 701 2388 iuvat
718 2339 783 2389 ante
800 2336 910 2405 levatos,

163 2412 199 2465 Et
216 2411 286 2465 bene
304 2411 377 2480 apud
396 2427 530 2465 memores
549 2412 652 2464 veteris
670 2415 726 2464 stat
743 2413 833 2480 gratia
850 2414 931 2469 155511

163 2487 229 2552 Quis
241 2505 285 2542 me
298 2492 397 2552 autem,
409 2487 452 2542 155
463 2488 541 2554 55115,
555 2488 634 2556 51555,
647 2489 786 2542 ratibusve
800 2490 925 2558 superbis
977 2506 1014 2544 555

164 2565 282 2618 Invisanr
300 2565 429 2634 accipiet?
447 2566 535 2618 nescis
553 2565 613 2632 lrcu,
632 2565 747 2634 perdita,
767 2566 883 2620 necdum

163 2640 382 2694 Laomedonteae
400 2643 484 2696 sentis
502 2643 623 2711 pcriuria
640 2643 748 2711 gentis?

164 2715 237 2780 Quid
255 2719 332 2771 tuml
351 2717 408 2771 sola
425 2719 490 2786 fuga
507 2722 605 2772 nautas
623 2719 773 2774 comitabor
790 2719 914 2774 55555151

164 2796 210 2846 Α5
228 2793 314 2860 Tyriis
331 2795 458 2862 omnique
476 2811 557 2848 manu
575 2795 677 2864 stipata
694 2812 816 2848 meorum

164 2869 278 2936 inferar,
297 2873 332 2936 et,
351 2886 418 2939 quos
437 2870 547 2924 Sidonia
564 2872 609 2924 vix
626 2871 695 2924 urbe
713 2871 814 2937 revelli,
976 2883 1013 2925 515

164 2944 270 2998 Rursus
287 2962 365 3012 agam
383 2947 486 3014 pelage,
505 2950 534 3000 et
552 2949 640 3002 ventis
658 2947 725 2999 dare
743 2945 803 2999 vela
820 2945 935 3001 iubebol

164 3022 235 3087 Quin
254 3037 367 3088 morere,
386 3025 417 3076 ut
435 3023 533 3076 merita
550 3039 587 3090 es,
605 3022 732 3091 ferroque
750 3026 843 3075 averte
861 3021 992 3076 dolorem,

164 3097 204 3150 Tu
221 3096 339 3152 lacrimis
357 3099 445 3152 evicta
462 3100 538 3167 meis,
555 3103 588 3154 tu
605 3101 692 3168 prima
709 3099 844 3152 furentem

165 3173 223 3234 His.
243 3190 380 3236 germana,
394 3175 469 3229 malis
488 3191 586 3228 oneras
605 3179 690 3244 atque
708 3173 802 3227 obiicis
820 3174 900 3237 hosti,

233 3249 262 3292 13
