2234 3554
127 133 173 180 210
359 132 388 179 P.
410 131 564 179 VERGILI
585 129 750 180 MARONIS

126 211 196 264 Orta
214 208 281 280 dies,
298 211 396 265 urbem
414 216 444 266 et
462 213 524 266 finis
542 216 571 266 et
588 212 670 268 litora
687 215 777 282 gentis

128 286 234 341 Diversi
253 289 412 356 explorant;
432 289 500 342 hacc
517 289 601 342 fontis
620 293 718 357 stagna
736 288 854 356 Numici,
941 305 980 344 ιω

128 364 209 418 Hunc
227 362 355 433 Thybrim
373 365 492 432 fluvium,
510 364 554 418 hic
572 365 651 418 fortis
669 365 794 420 habitare
812 365 929 422 Latinos

128 440 196 493 ‘lum
213 445 290 494 satus
309 441 430 494 Anchisa
448 441 568 494 delectos
585 442 681 495 ordino
699 441 734 496 ab
752 443 825 496 omni

127 518 245 572 Centum
264 522 385 572 oratores
403 522 519 586 augusta
537 518 573 570 ad
591 519 698 572 moenia
715 519 788 587 regis

130 595 174 646 lre
191 594 275 661 iubet,
293 595 376 647 ramis
393 595 498 648 velatos
517 594 636 648 Palladis
654 596 748 662 omnis,

129 670 260 740 Donaque
278 672 351 724 ferra
370 671 434 740 viro,
451 687 601 740 pacemque
620 689 767 740 exposcere
785 672 902 726 Teucris.
944 687 980 726 ms

129 747 212 801 Haud
230 764 313 813 mora,
331 747 464 801 festinant
481 747 547 801 iussi
565 748 723 817 rapidisque
741 749 866 801 feruntur

130 823 263 878 Passibus.
299 824 364 892 Ipse
382 824 476 877 humili
495 824 622 892 designat
640 825 747 878 moenia
764 825 843 891 fossa,

130 900 296 970 Moliturque
314 901 410 967 locum,
428 901 584 970 primasque
603 901 631 954 in
649 901 731 954 litore
749 901 828 954 sedes

130 977 287 1031 Castrorum
305 978 333 1030 in
351 994 454 1030 morem
472 977 563 1046 pinnis
580 980 665 1046 atque
684 994 784 1045 aggere
801 976 894 1044 cingit

131 1053 243 1123 lamque
260 1054 314 1108 iter
331 1055 432 1108 emensi
451 1055 535 1108 turris
553 1071 585 1108 ac
602 1057 677 1107 tecta
696 1053 856 1108 Latinorum
942 1068 980 1106 mc

128 1130 225 1185 Ardua
243 1130 390 1184 cernebant
408 1131 526 1198 iuvenes,
543 1146 676 1198 muroque
695 1129 831 1184 subibant

129 1209 203 1261 Ante
220 1207 316 1262 urbem
334 1208 412 1277 pueri
430 1211 460 1261 et
477 1207 616 1276 primaevo
634 1206 701 1260 flore
718 1206 846 1260 iuventus

129 1284 297 1338 Exercentur
315 1285 400 1353 cquis,
420 1284 611 1352 domitantque
629 1284 657 1335 in
675 1281 788 1350 pulvere
805 1298 909 1349 currus,

129 1363 186 1414 Aut
204 1361 274 1414 acris
292 1362 410 1414 tendunt
429 1377 514 1425 arcus,
534 1364 583 1414 aut
600 1360 676 1413 lenta
694 1358 804 1412 lacertis

127 1436 236 1504 Spicula
253 1439 440 1504 contorquent,
459 1453 594 1504 cursuque
613 1437 723 1504 ictuque
741 1435 891 1488 lacessunt:
943 1449 980 1488 res

127 1512 196 1566 Cum
214 1516 373 1581 praevectus
392 1529 462 1580 equo
480 1512 604 1580 longaevi
622 1513 695 1580 regis
712 1510 749 1564 ad
767 1511 840 1564 auris

128 1588 248 1642 Nuntius
264 1588 382 1656 ingentis
399 1588 493 1656 ignota
511 1590 538 1641 in
557 1591 634 1642 veste
653 1590 776 1656 reportat

128 1663 281 1718 Advenisse
298 1665 376 1719 m‘ros.
414 1664 466 1718 llle
483 1665 556 1720 intra
573 1670 647 1718 tecta
665 1665 755 1717 vocari

129 1742 247 1810 inperat,
266 1744 295 1796 et
313 1742 378 1795 solio
396 1741 503 1795 medius
521 1741 644 1796 consedit
661 1741 741 1794 avito.

127 1817 239 1871 'lectum
251 1822 405 1886 augustum,
418 1818 521 1886 iugens,
534 1821 644 1872 centurn
657 1817 774 1871 sublime
786 1815 925 1881 columnis,
943 1827 979 1870 17⁰

127 1893 204 1948 Urbe
221 1894 275 1948 fuit
292 1911 403 1962 summa,
423 1895 567 1949 Laurentis
585 1894 662 1963 regia
681 1893 746 1961 Pici,

128 1970 305 2025 Horrendum
323 1972 396 2025 silvis
414 1977 443 2025 ct
461 1972 592 2040 religione
611 1974 763 2039 parentum.

128 2047 181 2101 llic
198 2052 306 2117 sceptra
323 2049 444 2117 accipere
464 2053 493 2102 et
511 2048 613 2117 primos
631 2046 759 2100 attollere
776 2049 863 2100 fasces

128 2123 250 2192 Regibus
268 2143 346 2178 omen
364 2130 439 2189 erat,
456 2125 507 2178 hoc
524 2125 577 2178 illis
595 2123 670 2178 curia
687 2122 828 2191 templum,

129 2200 190 2254 Hae
208 2202 290 2255 sacris
307 2201 386 2254 sedes
404 2201 504 2270 epulis;
525 2201 569 2254 hic
587 2199 674 2254 ariete
692 2214 770 2252 caeso
942 2209 980 2252 1⁷⁵

129 2277 272 2346 Perpetuis
290 2277 362 2330 soliti
379 2281 472 2345 patres
489 2276 629 2330 considere
648 2275 755 2330 mensis.

127 2353 299 2417 Quinetiam
317 2358 440 2406 veterum
458 2354 562 2420 effigies
579 2369 614 2406 cx
632 2352 728 2406 ordino
745 2367 858 2405 avorum

129 2432 252 2498 Antiqua
270 2446 285 2482 c
303 2429 392 2495 cedro,
413 2430 554 2498 Italusque
573 2432 706 2497 paterque
724 2427 840 2482 Sabinus

129 2507 269 2572 vitisator,
287 2521 397 2558 curvam
415 2521 526 2558 servans
544 2504 595 2558 sub
613 2505 731 2572 imagine
749 2503 854 2569 falcem,

128 2585 315 2650 Saturnusque
333 2597 417 2634 senex
436 2582 552 2651 Ianique
569 2581 695 2634 bifrontis
712 2581 809 2648 irnago,
943 2590 981 2629 mo

129 2657 272 2712 Vestibulo
290 2657 444 2724 adstabant,
463 2658 562 2727 aliique
579 2657 615 2712 ab
635 2657 738 2724 origine
756 2673 843 2724 reges

129 2735 283 2802 Martiaque
301 2733 336 2786 ob
356 2734 471 2803 patrium
490 2733 636 2801 pugnando
654 2733 765 2786 volnera
782 2732 861 2800 passi

129 2811 271 2880 Multaque
288 2815 433 2880 praeterea
450 2810 534 2862 sacris
552 2810 580 2861 in
599 2808 724 2877 postibus
742 2824 825 2874 arma,

129 2887 236 2956 Captivi
254 2886 376 2956 pendent
393 2903 495 2950 currus,
515 2901 666 2952 cmvacquc
685 2901 801 2951 secures,

130 2964 166 3017 llt
183 2963 282 3016 cristae
301 2963 427 3030 capitum,
446 2965 476 3015 ct
493 2965 633 3029 portarum
652 2960 774 3026 iugentia
792 2961 918 3024 claustra,
942 2971 980 3012 1⁸5

130 3039 292 3107 Spiculaque
310 3038 445 3106 clipeique
463 3039 613 3104 ereptaque
631 3040 720 3088 rostra
736 3035 842 3088 carinis.

131 3113 195 3181 lpse
213 3114 345 3177 Quirinali
363 3113 438 3180 lituo,
456 3127 593 3180 parvaque
612 3109 725 3164 sedebat

130 3187 147 3200 ⁸
191 3190 287 3241 =tuctus
305 3189 408 3242 trabea.
425 3186 555 3254 laevaque
573 3186 658 3239 ancile
675 3184 789 3252 gerebat
