2232 3556
371 111 556 158 AENEIDOS
577 110 644 160 LIB.
663 111 699 161 X.
923 111 969 159 289

81 252 83 256 .
120 204 195 256 Aere
212 202 295 269 caput
312 199 426 266 fulgens,
444 197 582 266 cristaque
601 198 722 254 hirsutus
740 199 848 268 equina.

119 278 163 332 Sic
175 292 284 331 cursum
296 275 325 327 in
337 273 442 327 medios
453 273 567 342 rapidus
579 274 664 330 dedit.
690 278 809 330 Aestuat
820 276 916 343 ingens
935 289 971 328 nro

119 355 182 408 Une
199 354 229 406 in
246 350 329 406 corde
346 350 436 420 pudor
454 351 596 419 mixtoque
613 352 718 406 insania
735 353 817 418 luctu,

119 429 168 500 [llt
185 429 264 482 furiis
281 427 402 495 agitatus
419 443 496 479 amor
513 430 543 480 ct
560 429 666 482 conscia
686 427 790 496 virtus]

121 509 215 576 Atque
232 506 277 558 hic
296 507 409 558 Aenean
428 521 526 572 magna
543 507 588 558 ter
605 522 670 558 voce
688 506 801 558 vocavit.

121 587 229 637 Aeneas
247 581 377 648 adgnovit
396 580 474 644 enim,
492 580 635 650 laetusque
653 585 794 649 precatur:

121 660 166 714 Sic
182 662 264 728 pater
281 657 328 710 ille
346 657 428 710 deum
445 656 534 723 faciat,
553 658 591 711 sie
609 657 681 712 altus
700 657 812 726 Apollo!
937 671 973 712 sas

122 736 240 805 Incipias
258 734 381 788 conferre
398 750 514 787 manum.

121 812 237 866 Tantum
256 811 360 874 effatus,
378 813 407 863 et
425 809 524 862 infesta
542 809 618 863 subit
635 810 730 864 obvius
748 810 834 863 hasta

123 889 173 942 llle
191 891 300 941 autem:
321 885 393 950 Quid
410 902 455 938 me
473 889 577 954 erepto,
596 887 759 948 saevissime,
776 890 840 939 nato

120 964 233 1018 Terreat
260 963 327 1016 haec
345 963 389 1014 via
407 961 465 1014 sola
482 961 541 1028 fuit,
561 978 616 1030 qua
633 962 749 1030 perdere
767 977 867 1030 possea

121 1041 145 1093 N
149 1059 180 1095 ec
198 1043 314 1093 mortem
333 1039 485 1106 horremus,
503 1055 553 1091 nec
571 1038 663 1091 divom
681 1039 816 1107 parcimus
834 1037 890 1091 ulli.
937 1050 974 1088 88⁰

122 1117 238 1170 Desine:
257 1132 321 1168 nam
339 1115 418 1168 venio
437 1114 594 1181 meriturus,
607 1118 636 1168 et
653 1114 720 1168 haec
737 1114 790 1167 tibi
807 1116 887 1184 porto

122 1193 200 1246 Dona
217 1193 300 1261 prius.
337 1191 423 1258 Dixit,
442 1191 584 1259 telumque
602 1191 713 1246 intorsit
731 1191 758 1244 iu
776 1191 883 1244 hostem
893 1207 901 1254 ;

123 1269 193 1322 lude
210 1269 285 1322 aliud
304 1272 486 1337 superatque
504 1267 580 1320 aliud
598 1267 720 1335 figitque,
740 1267 867 1335 volatque

123 1347 232 1414 Ingenti
249 1362 330 1413 gyr03
349 1345 399 1398 sed
417 1345 534 1398 sustinet
553 1361 652 1398 aureus
670 1345 760 1398 umbo.

122 1423 175 1476 'Per
193 1422 293 1476 circum
311 1420 467 1474 adstantem
478 1421 575 1474 laevos
594 1421 729 1488 equitavit
747 1421 775 1473 in
793 1420 874 1488 orbis,
938 1435 974 1472 sss

122 1499 187 1552 Tela
204 1515 286 1552 manu
303 1497 416 1562 iaciens3
435 1500 479 1550 ter
498 1514 589 1550 secum
609 1497 705 1551 'l'roius
724 1498 804 1552 heros

124 1575 264 1630 inmanem
282 1577 376 1627 aerato
394 1573 552 1627 circumfert
569 1574 691 1641 tegmine
709 1574 811 1628 silvam.

125 1652 193 1706 Inde
210 1651 258 1704 ubi
276 1654 319 1706 tot
337 1650 454 1704 traxisse
472 1667 569 1718 meras,
587 1654 631 1704 tot
649 1651 751 1719 spicula
768 1650 863 1704 taedet

125 1728 240 1794 Vellere,
258 1731 288 1782 et
305 1730 440 1795 urguetur
458 1743 551 1794 pugna
568 1744 729 1796 congressus
747 1727 847 1795 iniqua,

124 1805 212 1858 Multa
230 1819 341 1856 merens
356 1802 446 1854 animo
461 1803 514 1854 iam
529 1803 642 1856 tandem
661 1805 789 1871 erumpit,
806 1807 836 1856 ct
849 1803 922 1857 inter
939 1817 975 1856 sco

125 1879 268 1933 Bellatoris
286 1877 351 1944 equi
368 1893 435 1928 cava
452 1880 576 1944 tempora
595 1879 704 1931 coniicit
721 1879 834 1932 hastam.

125 1955 206 2008 Tollit
225 1971 254 2008 se
272 1955 408 2006 arrectum
428 1951 592 2019 quadrupes,
611 1958 640 2006 et
658 1954 776 2007 calcibus
794 1970 872 2008 auras

124 2030 269 2095 Verberat,
289 2027 459 2094 effusumque
478 2027 599 2095 equitem
618 2046 700 2098 super
717 2030 776 2097 ipse
794 2033 903 2083 secutus

125 2106 250 2175 inplicat,
268 2105 412 2170 eiectoque
430 2103 563 2157 incumbit
581 2121 697 2158 cernuus
715 2122 799 2159 arma.

125 2183 249 2237 Olaurum
268 2179 417 2232 incendunt
436 2179 540 2233 caelum
559 2181 698 2250 Troesque
717 2181 872 2250 Latinique.
940 2197 977 2236 sas

126 2258 247 2313 Advolat
268 2259 384 2322 Aeneas,
403 2256 555 2324 vaginaque
574 2257 657 2326 eripit
675 2274 774 2324 ensem,

125 2336 162 2389 Et
180 2350 261 2402 super
279 2333 361 2386 haec:
381 2331 436 2385 Ubi
452 2349 526 2386 nuno
544 2333 698 2388 Mezentius
717 2351 787 2402 acer,
807 2337 836 2388 et
853 2333 901 2388 illa

125 2411 215 2465 Effera
232 2411 273 2464 vis
291 2409 390 2463 animii
423 2409 525 2462 Contra
544 2411 707 2478 Tyrrhenus,
726 2414 758 2465 ut
776 2428 855 2466 auras

125 2487 280 2555 Suspicione
298 2485 389 2538 hausit
407 2486 519 2553 caelum,
537 2491 711 2556 mentemque
731 2487 849 2557 recepit:

126 2563 222 2617 Hostis
240 2579 339 2629 amare,
357 2562 425 2630 quid
442 2563 590 2630 increpitas
608 2569 780 2633 mortemque
796 2563 923 2619 minaris?
941 2579 977 2618 eoo

125 2639 237 2692 Nullum
255 2639 283 2691 in
302 2637 384 2692 caede
402 2639 493 2704 ueias;
511 2656 561 2693 nec
580 2641 618 2694 sic
635 2640 672 2694 ad
689 2641 795 2709 proelia
812 2641 889 2707 veui3

125 2714 184 2768 Nec
202 2719 293 2768 tecum
311 2730 388 2766 meus
406 2714 474 2768 haec
491 2717 598 2784 pepigit
616 2717 682 2770 mihi
699 2716 812 2771 foedera
830 2715 942 2770 Lausus.

125 2790 217 2844 Unum
234 2791 292 2858 hoe,
309 2806 367 2858 per,
386 2790 409 2842 si
426 2807 481 2858 qua
498 2796 542 2852 est
559 2793 638 2846 victis
657 2793 734 2847 venia
752 2792 885 2860 hostibus,
904 2809 968 2848 ero:

126 2868 232 2936 Corpus
249 2869 333 2920 hume
350 2867 456 2935 patiare
474 2869 539 2936 tegi.
576 2869 637 2924 Scio
654 2869 752 2924 acerba
769 2885 891 2922 meorum

126 2943 309 2998 Circumstare
327 2944 403 2998 odia:
423 2944 502 3012 hunc,
521 2962 576 3013 ere,
595 2946 712 3000 defende
731 2945 865 3011 furerem;
941 2959 978 2999 eos

126 3020 162 3074 ut
179 3037 224 3074 me
242 3024 394 3074 consortem
412 3023 470 3075 nati
489 3023 607 3078 concede
626 3023 775 3092 sepulchre.

15 3151 16 3164 p
126 3098 204 3151 Haec
221 3097 349 3166 loquitur,
368 3097 516 3166 iuguloque
534 3099 609 3154 haud
627 3099 727 3153 inscius
744 3099 843 3168 accipit
860 3117 961 3165 ensem,

15 3187 16 3198 ¹
125 3175 304 3244 Undantique
322 3173 440 3227 animam
459 3175 588 3230 diffundit
605 3176 633 3229 in
650 3192 726 3230 arma
743 3192 846 3231 cruore.
