2234 3554
108 152 155 202 162
339 153 369 201 P.
387 151 544 201 VERGILI
562 149 729 198 MARONIS

108 228 163 282 Seu
180 229 266 282 crudo
283 229 346 284 fidit
363 247 481 298 pugnam
500 230 671 284 committere
690 230 792 296 (aestu,

108 304 206 359 (lunoti
225 305 324 371 adsint,
342 310 514 374 meritaeque
531 309 694 373 exspectent
711 305 834 374 praemia
850 305 964 375 palmae

107 380 162 434 Ore
179 381 270 435 favete
287 397 389 449 omnes
407 385 436 435 et
454 382 556 449 cingite
574 389 698 450 tempora
716 381 808 436 ramis.
941 398 962 437 rr

142 457 186 511 Sic
201 457 275 512 fatus
294 457 367 512 velat
385 461 510 511 materna
528 463 655 525 tempora
671 461 769 526 myrto,

108 535 168 588 Hoc
187 534 320 602 Helymus
338 535 410 600 facit,
430 534 482 588 hoc
499 534 559 587 aevi
578 537 703 586 maturus
719 535 844 601 Acestes,

108 611 169 665 Hoc
186 627 255 680 puer
274 612 414 676 Ascanius,
435 611 560 679 sequitur
580 626 649 677 quos
666 614 758 664 cetera
775 610 871 680 pubes.

108 688 159 742 llle
177 703 193 741 e
210 687 322 741 concilio
342 687 435 740 multis
454 704 516 740 cum
535 685 645 739 milibus
662 687 721 740 ibat
941 703 965 742 τε

110 763 155 816 Ad
172 764 316 830 tumulum,
335 779 434 831 magna
451 763 558 817 medius
577 763 725 818 comitante
742 766 860 818 caterva

108 841 161 894 llic
179 842 233 894 duo
251 841 305 894 rite
323 857 399 894 mero
416 840 505 894 libans
523 839 660 894 carchesia
678 840 786 895 Baccho

108 916 211 971 Fundit
228 917 311 985 humi,
330 917 384 970 duo
403 917 474 970 laete
491 933 569 984 novo,
589 915 643 969 duo
661 917 793 986 sanguine
810 933 895 983 sacro,

107 993 318 1064 Purpureosque
335 994 400 1048 iacit
418 993 506 1062 flores,
524 1009 556 1046 aa
574 993 640 1046 talia
657 993 745 1047 satur:

107 1070 194 1138 Salve,
212 1077 305 1126 sancte
322 1087 430 1140 parens,
448 1070 563 1124 iterum:
581 1069 692 1136 salvete,
710 1068 814 1137 recepti
940 1081 966 1120 so

106 1147 280 1217 Nequiquam
297 1149 410 1214 cineres,
427 1147 588 1214 animaeque
604 1145 774 1214 umbraeque
790 1148 928 1213 paternae.

107 1223 170 1277 Non
186 1225 264 1278 licuit
281 1225 343 1278 finis
361 1224 447 1278 Italos
465 1224 614 1292 fataliaque
631 1238 704 1288 arra,

107 1299 133 1352 N
135 1317 166 1354 ec
178 1305 269 1354 tecum
279 1301 438 1365 Ausonium,
448 1301 613 1369 quicumque
624 1301 676 1366 est,
686 1314 818 1366 quaerere
827 1296 965 1366 Thybrim·

109 1375 222 1430 Dixerat
239 1377 314 1442 haec,
332 1377 421 1444 adytis
438 1393 500 1430 cnm
517 1376 637 1429 lubricus
654 1374 751 1441 anguis
767 1373 804 1427 ab
821 1373 883 1427 imis

107 1452 219 1520 Septem
235 1453 332 1520 ingens
349 1469 437 1521 gyros,
455 1456 568 1520 septena
586 1451 724 1504 volumina
740 1449 834 1517 traxit,
938 1455 964 1498 Ι

108 1529 261 1598 Amplexus
278 1528 385 1598 placide
404 1529 539 1582 tumulum
558 1528 706 1596 lapsusque
723 1544 774 1596 per
791 1543 860 1594 aras,

108 1605 255 1659 Caeruleus
273 1606 315 1658 cui
333 1609 414 1673 terga
430 1608 513 1659 notae
530 1605 683 1659 maculosus
701 1608 730 1658 et
747 1620 814 1657 auro

108 1681 254 1750 Squamam
272 1681 437 1736 incendebat
455 1680 552 1749 fulgor,
571 1697 621 1734 ceu
639 1680 757 1734 nubibus
774 1696 854 1733 arcus

109 1758 184 1811 hlille
201 1757 266 1812 iacit
285 1757 373 1811 varios
392 1757 509 1812 adverso
526 1757 583 1812 sole
601 1757 711 1812 colores

108 1833 249 1904 Obstipuit
267 1834 326 1887 visn
345 1836 462 1889 Aeneas.
501 1834 553 1888 llle
571 1835 679 1902 agmine
697 1832 777 1900 longo
940 1843 966 1884 aa

108 1910 228 1964 Tandem
246 1911 320 1964 iuter
335 1914 446 1979 pateras
464 1915 493 1964 et
510 1911 580 1964 levia
597 1911 694 1980 pocula
712 1924 826 1977 serpena

110 1987 273 2056 Libavitque
291 1986 384 2056 dapes,
403 2003 553 2056 rursusque
570 1987 696 2040 innoxius
713 1987 769 2039 imo

109 2064 245 2118 Successit
262 2063 375 2131 tumulo,
394 2067 424 2117 et
442 2062 557 2132 depasta
574 2063 672 2118 altaria
690 2062 778 2131 liquit.

110 2140 171 2194 Hoc
187 2140 275 2208 magis
292 2141 415 2207 inceptos
432 2140 551 2207 genitori
569 2141 706 2194 instaurat
723 2137 848 2204 honores,

110 2216 245 2284 Incertus,
263 2215 414 2270 Geninmne
432 2216 483 2269 loci
500 2216 667 2269 famulumne
685 2213 809 2282 parentis
940 2229 967 2267 aa

110 2293 177 2347 Esse
193 2297 289 2361 putet;
307 2293 398 2348 caedit
416 2293 493 2346 binas
511 2295 640 2347 demere
658 2290 786 2356 bidentis,

109 2369 216 2438 Totque
232 2385 302 2430 sues,
321 2369 437 2422 totidem
454 2369 588 2436 nigrantis
604 2373 685 2435 terga
700 2367 843 2430 iuvencos;

111 2445 236 2513 Vinaque
253 2444 387 2498 fundebat
404 2447 515 2514 pateris,
534 2445 707 2512 animamque
726 2443 841 2497 vocabat

91 2573 94 2579 ,
113 2521 248 2575 Anchisae
265 2521 356 2588 magni
375 2521 518 2590 Manisque
538 2521 697 2574 Acheronte
715 2520 849 2573 remissos,

111 2599 168 2652 Nec
186 2613 240 2650 non
258 2601 287 2651 et
305 2598 376 2663 socii,
394 2614 465 2666 quae
482 2597 581 2664 cuique
600 2601 643 2650 est
662 2596 747 2665 copia,
767 2595 832 2649 laeti
931 2607 968 2646 luo

110 2674 188 2728 Dona
205 2674 304 2742 ferunt,
324 2677 440 2728 onerant
457 2690 527 2741 aras,
545 2677 723 2740 mactantque
742 2673 884 2736 iuvencos3

110 2750 213 2806 Ordine
231 2768 300 2806 aena
317 2751 407 2805 locant
425 2751 476 2815 alii,
494 2750 602 2819 fusique
620 2766 671 2818 per
689 2748 802 2803 herbam

110 2827 264 2883 Subiiciunt
281 2827 392 2882 veribus
409 2844 510 2896 prunas
529 2830 559 2880 et
577 2826 680 2880 viscera
699 2828 817 2879 torrent.

144 2905 311 2974 Exspectata
328 2904 387 2958 dies
404 2904 502 2966 aderat
519 2918 672 2970 nonamque
691 2918 788 2956 serena

110 2983 247 3035 Auroram
266 2981 445 3036 Phaethontis
463 2980 526 3048 oqui
544 2980 598 3032 iam
616 2979 676 3032 luca
694 2977 839 3044 vehebant,
931 2987 969 3028 roe

111 3058 251 3127 Famaque
269 3058 398 3112 finitimos
416 3061 446 3112 et
462 3056 528 3111 clari
546 3071 644 3108 nomen
663 3055 784 3107 Acestae

111 3133 253 3198 Excierat3
271 3133 344 3187 laeto
361 3132 525 3202 conplebant
543 3131 625 3184 litora
642 3135 729 3195 coetu,

111 3208 203 3262 Visuri
225 3209 377 3275 Aeneadas,
395 3225 459 3278 pars
477 3211 507 3262 et
524 3210 631 3262 certare
650 3205 748 3275 parati.
