2274 3554
453 163 635 212 AENEIDOS
652 163 721 211 LIB.
742 163 763 211 1.
1007 165 1038 214 99

187 244 284 296 Frater
302 249 333 297 ut
352 245 462 296 Aeneas
479 244 577 311 pelago
597 247 662 297 tuus
681 243 771 296 omnia
787 243 888 296 circum

183 317 277 372 Litora
294 319 414 374 iactetur
432 319 503 372 odiis
523 318 634 372 lunonis
651 318 767 387 iniquae,

182 395 256 448 Nota
274 395 334 461 tibi,
353 399 382 449 et
400 400 494 448 nostro
512 394 625 448 doluisti
644 411 725 463 saepe
743 394 843 449 dolore.

184 471 264 524 Hune
283 471 433 525 Phoenissa
450 475 528 525 tenet
546 471 619 524 Dido
636 469 799 539 blandisque
816 475 940 526 moratur
1002 484 1038 528 otc

183 547 317 613 Vocibus;
338 551 367 601 et
385 563 489 614 vereor,
508 564 562 616 quo
581 565 610 601 se
629 547 745 600 Iunonia
764 550 873 600 vertant

185 625 325 692 llospitia;
346 623 420 676 haud
437 627 516 678 tanto
533 623 652 678 cessabit
670 623 781 676 cardine
799 639 898 676 rerum.

183 701 313 762 Quocirca
331 717 429 769 capere
446 703 512 752 ante
529 700 599 753 dolis
617 703 646 754 et
664 699 773 768 cingere
791 699 900 752 flamma

183 777 316 843 Reginam
334 776 459 842 meditor,
477 793 512 830 ne
531 793 585 846 quo
603 793 633 830 se
650 777 761 830 numine
778 779 874 842 mutet,

181 853 237 907 Sed
256 871 354 921 magno
373 855 485 907 Aeneae
504 871 611 906 mecum
629 856 758 907 teneatur
775 869 873 906 amore.
1001 867 1037 904 css

181 930 242 993 Qua
259 931 349 984 facere
366 930 396 983 id
413 931 507 999 possis,
525 933 647 983 nostram
665 946 737 982 nunc
755 929 846 996 accipe
864 931 996 982 mentem:

182 1007 284 1074 Regius
301 1007 391 1060 accitu
408 1007 463 1059 cari
481 1005 612 1074 genitoris
630 1007 666 1058 ad
683 1005 779 1058 urbem

181 1081 318 1136 Sidoniam
336 1101 405 1152 puer
422 1084 461 1136 ire
480 1085 566 1150 parat,
586 1099 647 1135 mea
665 1098 791 1134 maxuma
809 1097 880 1148 cura,

181 1158 260 1213 Dona
277 1159 376 1228 ferens,
393 1160 490 1228 pelago
510 1162 539 1212 et
557 1158 673 1211 flammis
692 1157 825 1210 restantia
843 1157 954 1224 Troiae;

182 1235 262 1290 Hunc
280 1253 330 1304 ego
349 1237 467 1304 sopitum
486 1252 580 1288 somno
599 1251 681 1303 super
699 1234 755 1287 alta
774 1233 892 1303 Cythera
999 1249 1036 1289 oso

181 1313 240 1366 Aut
259 1329 341 1382 snper
360 1313 478 1366 Idalium
497 1315 604 1365 saerata
623 1311 688 1364 sede
707 1309 858 1377 recondam,

180 1387 205 1440 N
208 1405 223 1442 e
241 1407 295 1458 qua
313 1389 381 1442 scire
400 1389 476 1442 dolos
494 1388 634 1442 mediusve
653 1404 794 1442 occurrere
811 1388 905 1456 possit.

179 1464 219 1517 'l'u
236 1465 332 1519 faciem
350 1465 422 1519 illius
439 1469 548 1519 noctem
566 1482 619 1518 non
637 1465 752 1532 amplius
769 1480 851 1517 unam

179 1540 255 1594 Falla
274 1542 344 1609 dolo,
363 1546 391 1596 et
410 1547 489 1596 notos
507 1543 585 1610 pueri
603 1559 672 1611 puer
690 1541 773 1594 indue
792 1541 888 1608 voltus,

179 1617 225 1685 Ut,
245 1635 306 1671 eum
324 1623 353 1672 te
370 1619 475 1686 gremio
497 1619 611 1687 accipiet
629 1619 778 1672 laetissima
797 1617 869 1670 Dido
999 1632 1036 1670 css

180 1693 288 1763 Regalis
306 1695 379 1761 inter
397 1712 504 1748 mensas
522 1695 686 1764 laticemque
705 1695 833 1763 Lyaeum,

179 1771 248 1824 Cum
267 1771 344 1825 dabit
362 1772 504 1840 amplexus
521 1775 605 1840 atque
623 1771 715 1824 osenla
734 1770 824 1823 dulcia
841 1770 916 1838 figet,

178 1846 322 1900 Occultum
340 1847 457 1914 inspires
474 1848 564 1914 ignem
582 1847 715 1914 fallasque
733 1861 844 1899 veneno.

180 1922 263 1976 Paret
283 1923 369 1975 Amor
388 1921 468 1974 dictis
487 1939 565 1974 carae
584 1923 737 1989 genetricis,
756 1925 785 1974 et
802 1921 858 1974 alas

180 1998 271 2063 llxuit,
290 2002 318 2050 et
335 2013 434 2064 gressu
451 1997 573 2064 gaudens
591 1997 695 2049 incedit
714 1997 774 2049 Iuli.
999 2010 1036 2050 coo

181 2074 221 2125 At
239 2072 334 2124 Venus
354 2073 472 2125 Ascanio
490 2072 625 2140 placidam
643 2089 693 2139 per
709 2071 832 2124 membra
850 2071 972 2140 quietem

181 2147 294 2214 Inrigat,
312 2151 341 2201 et
359 2148 446 2200 fotum
464 2148 569 2215 gremio
588 2147 640 2200 dea
657 2148 730 2202 tollit
747 2147 775 2200 in
793 2147 862 2200 altos

151 2267 152 2270 ,
182 2223 286 2278 Idaliae
303 2223 386 2291 lucos,
404 2223 451 2276 ubi
469 2223 557 2276 mollis
576 2240 715 2277 amaracus
733 2224 809 2277 illurn

180 2300 305 2354 Floribus
324 2304 353 2354 et
371 2300 443 2354 dulei
461 2300 604 2369 adspirans
622 2301 802 2369 conplectitur
819 2301 922 2355 umbra.

215 2377 330 2446 lamque
347 2377 406 2431 ibat
426 2377 501 2431 dicto
519 2394 619 2446 parcns
638 2381 667 2431 et
686 2378 758 2432 dona
776 2377 882 2446 Cupido
956 2383 959 2388 '
999 2395 1034 2435 me

181 2454 268 2522 Regia
285 2454 413 2523 portabat
432 2455 525 2523 Tyriis,
545 2453 613 2508 duee
632 2454 720 2508 laetus
739 2454 853 2509 Achate.

179 2532 248 2585 Cum
266 2532 348 2599 venit,
367 2531 469 2585 aulaeis
487 2531 542 2584 iam
562 2548 591 2585 se
609 2532 704 2600 regina
722 2531 846 2601 superbis

181 2609 273 2660 Aurea
291 2609 433 2677 conposuit
452 2608 556 2677 sponda
574 2609 747 2678 mediamque
765 2609 870 2662 locauit.

181 2685 240 2736 lam
257 2689 336 2753 pater
356 2687 465 2738 Aeneas
483 2688 512 2738 et
529 2685 583 2738 iam
602 2685 716 2738 Troiana
734 2687 860 2738 iuventus

180 2759 358 2830 Conveniunt,
377 2764 519 2830 stratoque
538 2779 620 2830 super
638 2762 818 2816 discumbitur
836 2765 916 2815 ostro.
998 2773 1034 2814 70⁰

180 2836 254 2890 Dant
271 2838 364 2891 famuli
382 2838 507 2891 manibus
524 2839 653 2907 lymphas,
673 2840 856 2905 Cereremque
874 2838 998 2890 canistris

6 2967 8 2982 ,
87 2954 90 2962 .
111 2926 112 2930 ’
181 2913 346 2982 Expedinnt,
364 2917 506 2982 tonsisque
524 2916 615 2968 ferunt
632 2915 762 2969 mantelia
779 2914 855 2967 villis.

182 2988 384 3057 Quinquaginta
401 2990 476 3043 intus
494 2991 618 3058 famulae,
636 2992 735 3060 quibus
753 2990 848 3043 ordine
866 2989 974 3056 longam

181 3063 253 3118 Cura
269 3081 371 3133 penum
389 3069 503 3121 struere.
521 3069 550 3118 et
568 3067 683 3121 flammis
701 3066 811 3120 adolere
830 3066 955 3131 Penatis;

181 3139 300 3194 Centum
317 3141 387 3194 aliae
404 3139 578 3208 totidemque
595 3148 678 3212 pares'
693 3145 784 3196 aetate
801 3137 926 3210 ministri,
997 3153 1033 3196 tos

182 3215 233 3280 Qui
252 3215 368 3333 qapibus
387 3233 494 3270 mensas
511 3224 625 3274 onerent
643 3225 672 3274 et
689 3219 785 3288 poeula
802 3222 912 3288 ponant.
