2242 3550
150 153 180 200 1e
382 147 412 197 P.
430 146 586 196 venenu
601 145 768 196 morus

149 227 303 283 Solstitium
320 226 412 294 pecori
430 225 589 290 defendhe;
606 226 661 280 iam
678 226 755 280 venit
771 232 863 284 aens

148 303 271 370 Torrida,
288 303 343 356 iam
361 302 433 356 laeto
450 306 564 371 turgent
581 303 610 355 in
626 301 740 371 palmite
756 321 888 372 gemmae,

154 383 182 436 Τ.
203 382 256 434 Hic
273 380 349 433 iocus
366 383 395 432 ct
411 379 510 433 taedae
529 382 650 450 pingues,
667 381 711 434 hie
728 381 860 449 plurimus
877 388 949 455 ignis

148 461 269 527 Semper,
287 465 316 512 et
333 457 450 520 adsidua
469 465 561 527 postes
579 457 692 526 fuligine
710 459 799 526 nigri;
975 484 1001 523 ω

149 537 202 591 Hie
220 543 328 590 tantum
346 536 452 591 Boreae
470 555 595 592 curamus
612 538 721 605 frigora,
739 544 873 606 quantum

148 617 207 668 Aut
224 631 366 666 nnmerum
385 615 472 686 lupus,
491 621 540 669 aut
557 618 691 671 torrentia
707 615 820 669 flumina
837 619 919 685 ripas.

182 691 209 745 0.
229 692 311 744 Stant
328 695 358 744 et
376 693 493 762 iuniperi
511 699 541 748 ct
558 701 701 748 castaneae
720 695 858 760 hirsutum

146 768 239 823 Strata
256 769 346 822 iacent
362 770 464 838 passim
482 789 531 825 sna
548 788 658 840 quaque
676 771 727 824 sub
744 772 841 825 arbore
858 789 957 840 poma3

146 844 243 900 Omnia
260 863 332 900 nune
349 847 458 913 rident;
475 854 504 902 at
521 850 544 902 si
561 850 695 901 formosus
714 848 810 900 Alexis
972 868 998 906 ss

145 921 287 976 Montibus
304 924 347 976 his
365 925 453 991 abeat,
473 925 566 979 videas
585 929 615 978 et
632 924 745 977 flumina
763 925 840 978 slecu

148 999 180 1052 Τ,
199 1002 270 1054 Aret
287 1019 369 1068 agen
388 1003 453 1055 vitio
471 1003 590 1056 moriens
608 1002 668 1056 sitit
685 1001 757 1054 seris
773 1000 876 1067 herha3

145 1075 228 1130 Liber
244 1081 402 1146 pampineos
419 1079 517 1132 invidit
534 1079 648 1132 collibus
665 1078 793 1132 umbras:

145 1152 275 1221 Phyllidis
292 1156 412 1210 adventu
429 1163 540 1210 nostrae
557 1174 652 1210 nemus
669 1171 750 1208 omne
767 1154 874 1224 virebit,

145 1229 269 1298 lnppIter
286 1236 315 1286 et
333 1233 406 1287 laeto
423 1233 573 1286 descendet
590 1233 722 1299 plurimus
739 1229 828 1282 imbri.
971 1248 998 1288 ω

178 1307 205 1361 0.
226 1309 345 1378 Populus
366 1311 480 1364 Alcidae
497 1309 661 1378 gratissima,
679 1306 744 1358 vitis
762 1305 867 1372 laccho,

143 1383 287 1439 Formosae
306 1393 410 1456 myrtus
430 1387 539 1450 Veneri,
558 1401 607 1438 sna
623 1384 717 1436 laurea
736 1379 865 1446 Phoebo;

144 1459 243 1529 Phyllis
260 1470 334 1518 anrnt
352 1465 472 1533 corylos;
489 1463 549 1516 illas
568 1461 634 1513 dum
654 1458 756 1526 Phyllis
773 1457 885 1523 amabit,

141 1537 199 1592 Nee
216 1546 321 1608 myrtus
339 1542 430 1594 vincet
447 1539 558 1608 corylos,
575 1554 626 1590 nee
643 1537 736 1589 laurea
754 1533 866 1589 Phoebi.

145 1615 173 1668 T.
192 1617 326 1670 Fraxinus
342 1619 370 1670 in
387 1617 461 1669 silvis
478 1614 666 1684 pulcherrima,
685 1613 765 1680 pinus
781 1613 810 1664 in
828 1611 923 1682 hortis,
969 1632 993 1671 ns

142 1691 259 1760 Populus
278 1695 304 1747 in
323 1693 419 1758 fluviis,
438 1691 513 1745 abies
530 1692 559 1743 in
576 1689 715 1743 montibus
732 1688 815 1753 nltis3

140 1767 254 1839 Saepius
271 1775 300 1824 at
317 1772 341 1824 si
359 1787 411 1836 me,
430 1767 533 1836 Lycida
550 1767 676 1832 formose,
695 1766 806 1831 revisas,

141 1844 274 1902 Fraxinus
291 1849 319 1901 in
337 1848 412 1901 silvis
430 1844 512 1898 cedat
528 1843 586 1909 tibi,
605 1845 685 1912 pinus
702 1844 731 1896 iu
748 1842 842 1896 hortis

170 1921 212 1977 M.
233 1925 309 1978 llaec
326 1922 445 1986 memini,
463 1924 493 1973 et
510 1920 612 1974 vietum
630 1919 733 1974 frustra
749 1919 916 1974 contendere

207 1997 338 2068 Thyrsim.

139 2071 181 2125 Ex
199 2073 245 2127 illo
263 2073 389 2142 Corydon
407 2071 531 2142 Corydon
551 2077 594 2126 ost
612 2078 735 2142 tempore
753 2071 838 2127 nobis.
967 2086 993 2129 7⁰
1051 2085 1055 2091 “

409 2238 597 2296 ECLOGA
623 2239 718 2295 VIII.

402 2350 730 2400 PHARMACEUTRIA.

389 2456 496 2495 onnon.
520 2454 737 2494 anennsmonns

139 2534 292 2590 Pssronon
310 2535 418 2588 Musam
439 2534 566 2586 Damonis
584 2537 613 2587 et
632 2533 817 2602 Alphesiboei,

140 2611 277 2664 Inmemor
294 2610 440 2664 herbarum
459 2626 527 2678 quos
546 2613 588 2662 est
606 2609 706 2663 mirate
723 2610 835 2666 iuvenca

138 2687 283 2754 certantis,
301 2702 416 2755 qnorum
435 2685 605 2752 stupefactae
623 2689 742 2739 connino
760 2687 857 2756 lynces,

138 2762 174 2816 nt
192 2767 299 2816 rnutntn
316 2777 378 2814 snos
397 2763 558 2828 requierunt
576 2762 805 2828 nominetenus,

138 2838 267 2892 Damonis
287 2838 394 2892 Musam
412 2839 534 2894 dicemus
553 2845 581 2895 et
602 2840 788 2910 Alphesiboei.
978 2853 991 2893 ι

172 2915 211 2968 'Iu
230 2915 296 2969 mihi
314 2932 362 2970 seu
381 2917 471 2985 magni
489 2935 602 2986 superna
620 2918 673 2971 iarn
693 2935 758 2972 saxa
777 2914 888 2982 Timavi,

138 2989 200 3045 Sive
217 3009 292 3046 oram
312 2992 412 3060 Illyrici
431 2994 498 3062 legis
516 2995 649 3063 aequoris,
668 3012 702 3048 en
720 2995 921 3060 ennumquam

138 3067 190 3121 Ille
208 3068 275 3137 dies,
293 3069 358 3124 mihi
376 3087 437 3124 curn
456 3072 536 3125 liceat
553 3075 602 3124 tna
620 3071 712 3125 dicere
730 3071 822 3124 factal

177 3171 178 3177 1
197 3145 257 3214 erit,
275 3151 306 3202 nt
324 3147 404 3202 liceat
421 3153 511 3203 totum
529 3148 596 3201 mihi
614 3147 688 3202 ferre
705 3165 755 3217 per
773 3146 867 3200 orbem

218 3223 366 3294 Sophocleo
383 3229 432 3281 tna
450 3227 570 3281 earmina
588 3226 671 3296 digna
687 3224 840 3280 cothurnol
967 3241 992 3281 u
