2274 3554
121 103 151 168 te
269 166 276 174 ,
340 116 384 179 r.
406 100 561 182 ranerii
579 111 748 172 Muneris

120 199 202 268 Aque
220 183 295 252 Chae
315 198 413 251 densos
433 197 530 252 divom·
542 190 704 256 numerabat
722 220 836 260 amores.

120 275 247 328 Oarmine
265 291 318 342 qua
336 279 431 350 captae
451 275 515 328 dum
531 277 601 329 tusis
620 278 711 332 mollia
729 297 816 349 pensa

120 351 279 416 Devolvunt,
298 351 400 404 iterum
417 355 555 406 maternas
566 353 673 420 'inpulit
691 358 767 410 auris

119 425 226 482 Luctus
241 427 370 495 Aristaei,
388 428 537 498 vitreisque
556 430 686 485 sedilibus
705 451 798 488 omnes
941 449 977 494 att

119 504 297 573 Obstipuere,
319 504 367 558 sed
387 509 450 558 ante
469 505 535 559 alias
557 508 695 561 Arethusa
715 527 822 564 sorores

119 581 288 650 Prospicicns
308 599 412 636 summa
430 582 529 634 ssavum
548 587 631 652 caput
650 587 749 639 extulit
768 587 852 655 unda,

118 658 153 712 Et
171 659 277 726 procul:
299 659 321 711 O
340 659 445 726 gemitu
464 677 517 712 nan
535 660 639 714 frustra
658 664 791 716 exterrita
809 668 893 731 tante,

92 803 95 808 Ι
118 735 222 804 Cyrene
241 752 324 802 soror,
343 736 401 802 ipsc
420 735 476 803 tibi,
496 739 544 789 tua
562 753 689 790 maxuma
707 756 777 806 cura,

116 806 212 866 Tristis
232 813 375 865 Aristaeus
395 811 476 865 Penei
496 813 629 882 genitoris
648 815 684 867 ad
701 816 802 869 undam
937 833 974 872 aas

117 889 178 942 Stat
196 889 346 958 lacrimam,
365 893 393 942 et
411 893 440 942 te
459 887 596 953 crudelem
616 892 725 944 nemine
745 892 819 946 dicit.
947 901 950 904 '

117 965 188 1018 Huic
205 983 335 1034 percussa
353 983 422 1019 nova
440 970 561 1020 mentem
580 967 724 1021 formidine
743 973 840 1037 mater,

116 1042 183 1110 Duc,
202 1061 259 1111 age,
279 1045 332 1096 duc
351 1044 386 1097 ad
405 1060 469 1109 n0s3
487 1043 528 1097 fas
546 1044 586 1096 iili
605 1044 699 1098 limina
719 1045 809 1098 divom

49 1180 52 1186 ¹
115 1118 245 1188 Tangere,
265 1123 309 1175 ait.
347 1121 432 1174 Simul
451 1121 507 1174 alta
525 1121 602 1175 iubet
622 1121 764 1175 discedere
783 1123 839 1176 late

115 1193 249 1265 Flumina,
265 1215 320 1266 qua
338 1197 441 1250 iuvenis
459 1214 568 1264 gressus
586 1199 731 1251 inferret·
750 1200 881 1254 Atilium
933 1215 970 1256 ³6⁰

114 1271 232 1327 Ourvata
250 1277 278 1327 in
296 1273 397 1326 montis
414 1273 511 1326 faciem
531 1274 711 1328 circumstetit
728 1275 803 1328 unda

115 1351 285 1419 succepitque
305 1351 363 1402 sinu
382 1354 459 1403 vaste
477 1351 607 1419 misitque
627 1352 677 1404 sub
695 1368 812 1404 amnem.

114 1425 228 1494 Iamque
247 1427 356 1480 demum
375 1425 476 1478 mirans
495 1427 640 1494 genetricis
659 1431 688 1480 et
705 1426 816 1481 humida
834 1445 920 1497 regna

112 1501 307 1570 speluncisque
325 1502 398 1554 lacus
416 1501 520 1554 clausos
538 1502 667 1570 lucosque
686 1503 807 1556 sonantis

113 1575 183 1646 ibat,
202 1582 231 1632 et
248 1578 353 1646 ingenti
371 1580 447 1630 motu
465 1578 635 1646 stupefactus
653 1595 788 1646 aquarum
930 1596 968 1636 aar

113 1654 210 1709 Omnia
229 1656 279 1709 sub
297 1673 395 1722 magna
413 1653 533 1707 labentia
552 1654 664 1707 flumina
682 1658 757 1708 terra
1000 1653 1002 1656 ’

112 1731 258 1800 Spectabat
277 1732 385 1784 diversa
404 1731 475 1796 locis,
495 1729 667 1798 Phasimque,
686 1731 851 1799 Lycumque,

112 1807 148 1860 Et
166 1812 254 1877 caput,
272 1808 346 1860 unde
365 1807 436 1860 altus
454 1808 573 1875 primum
592 1825 621 1860 se
640 1808 758 1876 erumpit
777 1807 905 1876 Enipeus,

112 1884 193 1938 Unde
211 1889 291 1954 pater
310 1883 459 1951 Tiberinus,
479 1888 507 1938 et
526 1885 600 1938 unde
620 1885 727 1937 Aniena
744 1883 855 1952 fluenta,

111 1961 283 2030 saxosusque
303 1978 398 2015 sanans
418 1961 548 2031 Hypanis,
568 1963 716 2032 Mysusque
735 1959 839 2027 Gaiam,
930 1976 966 2019 ³70

110 2037 147 2091 Et
165 2039 272 2106 gemina
290 2043 401 2093 auratus
418 2040 526 2093 taurino
545 2056 645 2094 cernua
662 2039 737 2092 voltu

111 2114 252 2182 Eridanus,
272 2134 325 2185 quo
344 2133 396 2170 nen
415 2116 482 2170 alius
500 2133 550 2186 per
567 2117 680 2186 pinguia
697 2115 771 2170 culta

110 2191 144 2244 In
162 2209 235 2246 mare
253 2211 421 2264 purpureum
439 2193 584 2248 uiolentior
602 2194 688 2247 effluit
707 2193 799 2246 amnis.

110 2269 257 2339 Postquam
277 2271 364 2324 estin
382 2271 494 2325 thalami
513 2271 661 2339 pendentia
678 2269 785 2337 pumice
804 2270 881 2322 tecta

110 2343 283 2414 Perventum,
302 2351 331 2400 ct
349 2349 407 2400 nati
425 2347 505 2400 fletus
524 2347 650 2414 cognovit
669 2347 755 2398 inanis
928 2357 965 2400 ³7⁵

109 2421 220 2490 Cyrene,
240 2424 363 2476 manibus
381 2422 499 2492 liquidos
519 2423 586 2476 dant
605 2422 700 2475 ordine
718 2422 801 2475 fontis

109 2499 266 2565 Garumnae,
285 2501 424 2568 tonsisque
441 2499 534 2552 ferunt
552 2499 682 2552 mantelia
702 2497 788 2564 villis;

110 2575 176 2630 Pars
194 2577 281 2646 epulis
299 2580 412 2630 onerant
432 2593 546 2644 mensas,
565 2580 594 2629 et
612 2575 692 2644 plena
710 2578 846 2643 reponunt

109 2653 221 2718 Pocula;
242 2654 390 2708 Panchaeis
410 2654 568 2706 adolescunt
587 2651 697 2720 ignibus
715 2667 793 2715 arae;

108 2729 145 2783 nt
162 2735 258 2798 mater,
278 2732 350 2798 Cape
370 2731 487 2783 Maeonii
506 2729 643 2783 carchesia
663 2727 777 2780 Bacchi:
925 2741 963 2780 aaa

108 2807 215 2860 Oceano
232 2807 355 2875 libemus,
373 2809 418 2861 ait.
456 2807 541 2860 Simul
561 2805 620 2874 ipsa
638 2808 767 2874 precatur

107 2881 300 2953 Oceanumque
317 2887 423 2952 patrem
441 2900 532 2936 rerum
552 2882 747 2950 Nymphasque
767 2896 883 2948 sorores,

108 2959 224 3014 Centum
243 2978 312 3028 quae
331 2961 418 3028 silvas,
438 2964 547 3013 centum
567 2975 637 3027 quae
655 2956 767 3010 flumina
785 2957 902 3010 servant

107 3035 160 3088 Ter
177 3037 279 3105 liquido
298 3038 438 3091 ardentem
457 3035 580 3106 perfudit
598 3039 708 3089 nectare
728 3033 849 3094 Vestam,

107 3109 159 3164 Ter
177 3111 285 3166 flamma
302 3113 338 3167 ad
355 3129 490 3166 summum
508 3113 577 3166 tecti
596 3111 718 3165 subiecta
736 3108 845 3162 reluxit.
926 3119 960 3161 aas

107 3185 203 3240 Omine
222 3204 276 3254 quo
293 3189 403 3241 firmans
421 3189 541 3241 animum
560 3188 598 3241 sie
615 3186 711 3255 incipit
729 3185 802 3254 ipsa:
