2232 3556
412 159 597 208 AENEIDOS
615 160 684 210 LIB.
702 160 737 211 X.
956 163 1003 211 279

153 240 214 294 Hoc
232 239 342 294 virtutis
361 256 437 308 opus.
475 239 572 293 Troiae
591 241 641 294 sub
659 241 800 296 moenibus
818 241 882 298 altis

152 318 204 370 Tot
222 317 297 384 gnati
316 315 440 368 cecidere
459 315 560 381 deum;
579 318 644 384 quin
663 319 763 371 occidit
780 337 835 373 una
967 333 1004 375 470

153 393 299 462 Sarpedon,
317 409 378 444 mea
395 394 548 460 progenies.
586 394 677 446 Etiam
696 412 744 447 sua
763 395 884 448 Turnum

152 468 222 524 Fata
240 473 345 536 vocant,
363 473 506 536 metasque
525 470 584 522 dati
602 471 726 537 pervenit
745 471 780 524 ad
798 472 865 525 aevi.
959 535 965 538 ,

152 545 196 598 sic
215 547 260 610 ait,
280 549 364 614 atque
381 545 472 598 oeulos
493 545 656 599 Rutulorum
675 547 763 601 reiicit
781 548 859 600 arvis.

154 624 192 675 At
211 623 300 675 Pallas
319 621 424 689 magnis
442 623 545 675 emitt't
563 622 667 675 viribus
685 624 798 690 hastam,

152 699 312 766 vaginaque
331 715 395 751 cava
413 698 563 766 fulgentem
582 699 677 768 diripit
694 717 793 753 ensem.
966 716 1002 756 475

152 775 203 828 Illa
221 775 320 841 volans,
340 775 446 828 humeri
465 779 580 842 surgunt
599 793 654 844 qua
671 777 793 844 tegmina
811 792 923 845 summa,

152 852 259 920 Incidit,
278 856 370 920 atque,
390 852 461 904 viam
480 851 559 919 clipei
577 853 672 906 molita
689 870 739 921 per
757 871 825 918 oras,

149 929 269 982 Tandem
289 929 374 982 etiam
393 945 491 995 magno
510 929 621 982 strinxit
640 929 804 999 decerpere
823 930 914 984 Turni.

152 1005 203 1057 llio
222 1006 328 1058 Turnus
346 1005 420 1058 ferro
438 1005 589 1072 praefixum
609 1005 692 1058 robur
709 1011 788 1060 acuto

150 1081 182 1133 ln
203 1082 325 1134 Pallanta
343 1081 391 1134 diu
409 1081 512 1134 librans
530 1082 601 1147 iecit,
620 1086 703 1151 atque
722 1083 761 1136 ita
778 1084 870 1136 fatur:
963 1098 1000 1135 sm

151 1158 258 1226 Aspice,
277 1175 342 1210 num
361 1174 439 1226 mage
459 1158 495 1210 sit
513 1162 636 1210 nostrum
654 1159 825 1227 penetrabile
843 1160 935 1213 telum.

150 1232 279 1298 Dixerat;
297 1239 325 1287 at
344 1235 468 1302 clipeum,
488 1238 531 1287 tot
548 1235 614 1287 ferri
632 1241 719 1302 terga,
738 1239 780 1288 tot
799 1237 876 1301 aeria,

150 1309 236 1372 Quem
254 1311 333 1379 pellis
351 1312 452 1364 totiens
471 1311 553 1364 obeat
571 1311 740 1364 circumdata
758 1313 837 1379 tauri,

150 1385 276 1438 Vibranti
295 1387 415 1439 medium
434 1387 524 1454 cuspis
542 1388 747 1440 transverberat
764 1389 826 1456 ictu,

150 1461 315 1532 Loricaeque
333 1481 423 1516 moras
442 1466 470 1516 et
488 1468 584 1531 pectus
603 1465 725 1533 perforat
743 1465 845 1531 ingens.
961 1479 998 1518 485

149 1539 200 1592 Ille
218 1541 290 1608 rapit
308 1541 426 1593 calidum
444 1541 547 1594 frustra
566 1541 601 1594 de
619 1541 730 1594 voluere
748 1541 849 1594 telum:

148 1615 210 1669 Una
228 1617 378 1685 eademque
396 1617 440 1688 via
458 1618 567 1684 sanguis
585 1619 745 1686 animusque
764 1620 923 1686 sequuntur.

148 1691 257 1746 Corruit
275 1694 303 1744 in
319 1693 431 1758 volnus3
449 1695 568 1746 sonitum
587 1711 669 1763 super
687 1711 763 1747 arma
781 1693 898 1746 dedere:

148 1768 184 1822 ut
201 1773 304 1822 terram
322 1769 449 1821 hostilem
468 1770 586 1822 moriens
604 1772 677 1838 petit
694 1787 742 1824 ore
761 1773 889 1830 cruento„

148 1844 235 1908 Quem
255 1846 362 1897 Turnus
381 1861 462 1910 super
481 1845 632 1898 adsistens:
962 1859 998 1896 seo

149 1921 279 1986 Arcades,
297 1921 372 1985 haec,
389 1919 486 1985 inquit,
505 1935 638 1972 memores
657 1936 718 1972 mea
736 1919 810 1972 dicta
827 1922 930 1972 referte

148 1995 293 2048 Euandro:
312 1995 425 2058 Qualem
443 1994 551 2059 meruit,
571 1994 696 2046 Pallanta
714 1995 831 2047 remitto.

149 2071 278 2139 Quisquis
290 2070 376 2122 honos
389 2069 494 2134 tumuli,
508 2069 643 2136 quidquid
657 2069 776 2121 solamen
788 2069 918 2122 humandi
931 2075 981 2139 est,

149 2147 268 2214 Largior.
306 2144 389 2198 Haud
408 2145 447 2196 illi
466 2144 580 2197 stabunt
600 2145 705 2197 Aeneia
723 2162 807 2212 parto

150 2223 286 2291 Hospitia.
324 2222 360 2274 Et
378 2221 455 2273 laevo
474 2222 576 2289 pressit
594 2221 672 2289 pede,
691 2221 757 2274 talia
774 2222 854 2288 fatus,
964 2239 998 2277 495

150 2299 315 2365 Exanimem,
334 2297 442 2366 rapiens
460 2297 579 2350 inmania
596 2297 718 2365 pondera
735 2298 826 2365 baltei,

151 2377 362 2444 lupressumque
381 2374 469 2428 nefas:
488 2391 541 2426 una
559 2373 610 2427 sub
628 2378 708 2428 nocte
726 2374 809 2442 iugali

149 2454 234 2506 Caesa
252 2469 349 2504 manus
365 2452 492 2504 iuvenum
511 2451 598 2519 foede,
616 2451 784 2520 thalamique
802 2452 926 2515 cruenti;

149 2529 224 2593 Quae
244 2529 344 2582 Clonus
363 2527 510 2595 Eurytides
529 2529 615 2581 multo
633 2527 786 2582 caelaverat
804 2545 889 2593 auro;

149 2606 208 2668 Quo
226 2621 296 2657 nunc
315 2605 421 2656 Turnus
439 2608 503 2656 ovat
522 2604 607 2671 spolio
625 2603 784 2671 gaudetque
801 2605 912 2672 potitus.
963 2620 998 2658 sco

149 2681 248 2734 Nescia
266 2697 343 2733 mens
361 2679 501 2732 hominum
520 2680 569 2732 fati
589 2680 724 2747 sortisque
741 2680 858 2746 futurae,

149 2758 185 2810 Et
203 2773 311 2810 servare
329 2755 448 2820 modum,
466 2755 549 2808 rebus
568 2757 676 2809 sublata
694 2755 833 2809 secundis!

149 2834 238 2886 Turno
256 2837 364 2900 tempus
384 2831 444 2896 erit,
463 2847 560 2898 magno
579 2849 639 2885 cum
659 2831 795 2899 optaverit
813 2837 937 2899 emptum

149 2911 287 2962 lntactum
308 2909 437 2973 Pallanta,
457 2911 564 2960 etcum
585 2909 670 2977 spolia
687 2908 740 2959 ista
758 2907 887 2974 diemque

148 2986 255 3039 Oderit.
294 2987 333 3039 At
351 2984 416 3038 socii
434 2984 520 3037 multo
538 2987 643 3052 gemitu
660 2983 833 3052 lacrimisque
963 3008 999 3048 505

149 3063 303 3132 Inpositam
323 3065 399 3115 scuto
416 3060 538 3116 referunt
558 3062 682 3115 Pallanta
699 3061 865 3128 frequentes.

149 3140 172 3192 Ο
191 3141 268 3193 dolor
284 3143 366 3208 atque
385 3138 468 3191 decus
486 3157 615 3208 maguum
634 3137 758 3191 rediture
777 3137 902 3205 parenti!

149 3217 226 3273 Haec
245 3221 273 3272 te
291 3218 379 3288 prima
397 3213 456 3269 dies
474 3217 546 3270 bello
564 3216 650 3280 dcdit,
668 3214 735 3267 haee
753 3213 848 3267 eadem
867 3214 964 3281 aufert,
