2274 3554
429 146 613 196 Aunuroos
630 146 698 195 ms.
719 143 771 193 111.
970 131 1015 193 13'9

171 231 254 284 Haud
271 231 371 298 inpune
390 227 516 296 q-uidem;
534 243 584 280 nec
602 226 667 280 talia
685 243 781 294 passus
798 227 902 295 Ulixes,

170 307 311 360 oblitusve
330 306 371 358 sui
390 308 432 357 est
452 303 564 356 Ithacus
582 303 736 356 discrimino
755 306 839 359 tanto.

163 383 241 438 {Nam
260 382 339 436 simul
358 381 484 450 expletus
503 379 617 449 dapibus
636 379 754 448 vinoque
772 381 893 447 sepultus
987 393 1024 434 sac

171 461 310 514 cervicem
328 458 456 510 inflexam
473 458 570 526 posuit,
588 457 726 525 iacuitque
743 473 794 526 per
811 461 919 510 antrum

171 537 321 602 lnmensus,
341 535 443 588 saniem
460 538 587 587 eructans
606 535 634 586 et
652 533 739 586 frusta
757 537 870 586 cruento

171 612 225 666 Per
242 629 366 666 somnum
384 611 531 664 commixta
548 626 631 677 mero,
650 626 706 676 nos,
724 627 822 677 magna
840 610 943 678 precati

170 689 289 742 Numina
307 689 451 756 sortitique
468 687 547 753 vices,
565 703 621 739 una
637 686 758 754 undique
776 687 876 740 circum

109 795 111 799 ·
171 765 329 832 Pundimur‚
349 768 378 818 et
395 764 452 817 telo
470 763 560 816 lumen
578 763 751 816 terebramus
769 767 857 830 acuto,
986 767 1022 806 ⁶³³

172 842 279 909 Ingens,
301 841 375 910 quod
386 844 471 894 ‚torva
490 839 575 892 solum
594 839 646 892 sub
664 839 754 892 fronte
773 839 885 906 latebat,

174 919 293 986 Argolici
311 917 390 987 clipei
408 921 456 970 aut
476 915 619 970 Phoebeae
636 916 771 984 lampadis
788 917 882 982 inst-ar,

172 994 208 1048 ut
227 995 339 1048 tandem
357 994 422 1046 laeti
441 994 575 1046 sociorum
593 992 749 1045 ulciscimur
770 993 887 1046 umbras.

171 1071 227 1124 Sed
243 1071 338 1138 fugite,
356 1086 372 1124 o
390 1071 489 1136 miseri,
508 1069 602 1136 fugite,
621 1071 705 1136 atque
722 1068 758 1120 ab
776 1069 857 1122 litore
874 1069 967 1122 funem

172 1147 313 1218 Rumpite.
989 1161 1025 1200 etc

172 1225 243 1277 Nam
262 1225 348 1292 qualis
366 1227 539 1293 quantusque
557 1240 622 1277 cavo
642 1223 824 1292 Polyphemus
842 1223 870 1276 in
888 1227 967 1278 antro

175 1301 319 1367 Lanigeras
337 1301 441 1354 claudit
459 1301 579 1368 pecudes
597 1304 681 1368 atque
699 1300 785 1353 ubera
803 1303 917 1368 pressat,

173 1377 290 1430 Centum
308 1377 354 1430 alii
372 1393 454 1430 curra
472 1377 539 1430 hacc
556 1377 682 1430 habitant
700 1377 736 1430 ad
754 1377 835 1430 litora
853 1377 931 1444 volgo

173 1453 282 1506 lnfandi
301 1453 430 1522 Cyclopes
449 1457 478 1507 et
495 1454 558 1507 altis
577 1453 715 1506 montibus
734 1457 835 1506 errant.

171 1529 263 1583 Tertia
281 1529 335 1582 iam
353 1529 447 1583 Lunae
465 1547 494 1583 se
512 1547 613 1583 cornua
631 1530 732 1583 lumine
750 1531 885 1598 conplent,
990 1543 1026 1583 sss

172 1606 242 1658 Cum
259 1605 344 1660 vitam
362 1606 390 1659 in
409 1607 481 1660 silvis
499 1607 572 1660 inter·
589 1607 700 1660 deserta
717 1607 836 1660 ferarum

172 1681 273 1736 Lustra
291 1681 440 1751 domosque
457 1683 546 1751 traho,
563 1687 711 1752 vastosque
730 1683 764 1736 ab
782 1700 851 1752 rupe
870 1683 1000 1752 Cyclopas

172 1759 318 1827 Prospici0,
337 1761 511 1827 sonitumque
529 1757 630 1828 pedum
649 1777 797 1828 vocemque
815 1767 956 1814 tremesco,

172 1834 284 1888 Victum
301 1835 443 1900 infelicem,
462 1835 543 1888 bacas
561 1835 739 1904 lapidosaque
760 1853 848 1903 corna,

172 1910 247 1964 Dant
265 1911 340 1978 rami,
358 1915 388 1963 et
406 1911 487 1963 volsis
506 1915 622 1979 pascunt
641 1911 777 1964 radicibus
795 1911 904 1966 herbae.
992 1925 1028 1963 eso

172 1986 270 2038 Omnia
288 1986 465 2049 conlustrans,
484 1987 553 2038 hanc
571 1987 690 2054 primum
708 1987 744 2038 ad
762 1987 844 2039 litora
861 1987 974 2041 classem

173 2061 310 2128 Conspexi
328 2062 488 2114 venientem.
528 2061 599 2114 Huic
617 2079 668 2127 me,
689 2079 875 2129 quaecumque
892 2063 998 2132 fuisset,

174 2136 295 2190 Addixi:
314 2138 380 2190 satis
398 2141 441 2190 est
458 2143 570 2204 gentem
589 2138 714 2205 effugisse
732 2137 883 2191 nefandam.

174 2213 230 2266 Vos
248 2213 365 2266 animam
383 2213 452 2267 hanc
469 2215 560 2282 potius
579 2231 751 2282 quocumque
770 2213 907 2268 absumite
926 2215 987 2270 leto.

208 2290 263 2342 Vix
282 2307 314 2344 ea
330 2291 404 2344 fatus
422 2295 490 2358 erat,
509 2309 614 2344 summo
632 2308 693 2344 cum
711 2296 804 2345 monte
823 2291 946 2345 videmus
993 2309 1028 2346 ess

174 2367 268 2436 Ipsum
286 2368 359 2421 inter
376 2368 496 2436 pecudes
515 2372 592 2422 vasta
611 2386 640 2422 se
658 2369 729 2422 mole
747 2372 902 2422 moventem

175 2443 315 2497 Pastorem
336 2445 531 2514 Polyphemum
550 2449 579 2500 et
597 2446 678 2500 litora
696 2451 761 2500 nota
780 2450 928 2515 petentem,

174 2519 326 2574 Monstrum
335 2521 510 2588 horrendum,
521 2523 643 2592 informe,
650 2523 753 2591 ingens,
760 2523 802 2576 cui
814 2523 906 2576 lumen
917 2527 1027 2592 ademp-

173 2597 278 2650 l'runea
296 2615 378 2651 manu
396 2599 474 2667 pinus
492 2599 564 2666 regit
582 2603 611 2652 ct
631 2601 744 2668 vestigia
763 2600 870 2663 firmat3
949 2599 1027 2668 [tum.

174 2673 323 2742 Lanigerae
341 2677 506 2728 comitantur
524 2693 601 2740 ores;
619 2693 652 2730 ea
671 2678 727 2730 sola
744 2677 870 2744 uoluptas
991 2689 1027 2728 seo

173 2749 357 2819 Solamenque
375 2752 447 2805 mali.

176 2825 322 2892 Postquam
340 2827 410 2880 altos
427 2829 521 2896 tetigit
539 2829 637 2883 fluctus
656 2837 687 2882 et
704 2829 741 2882 acl
758 2843 877 2897 aequora
894 2829 977 2896 venit,

175 2901 295 2955 Luminis
313 2903 404 2956 effossi
422 2905 537 2958 fluidum
555 2906 620 2959 lavit
638 2905 703 2958 inde
721 2922 855 2971 eruorem,

176 2977 309 3031 Dentibus
327 2979 484 3033 infrendens
503 2983 614 3050 gemitu,
632 2982 813 3050 graditurque
832 2999 882 3050 per
900 2999 1004 3050 aequor

171 3053 234 3106 'lam
251 3054 379 3121 medirun,
397 3057 513 3110 necdum
533 3057 630 3110 fluctus
649 3059 736 3110 latera
753 3058 839 3111 ardua
857 3058 945 3112 tinxit.
993 3072 1029 3112 ees

98 3172 103 3182 .
175 3129 230 3182 Nos
248 3131 342 3198 procul
360 3131 423 3184 inde
441 3134 532 3201 sugam
552 3134 653 3200 trepidi
670 3135 797 3202 celerare,
815 3137 924 3203 recepto

174 3206 300 3275 Supplice
319 3208 357 3261 sic
374 3209 478 3272 merito,
496 3210 628 3279 tacitique
646 3211 766 3265 incidere
783 3211 890 3278 funem}

267 3289 274 3334 l
282 3290 296 3334 2
