2274 3554
442 156 627 204 AENEIDOS
645 154 714 203 LIB.
733 155 770 204 11.
988 154 1032 202 111

183 241 285 309 Incipio
303 255 385 308 super
401 237 457 291 his:
477 238 601 304 Iuvenes,
619 235 766 289 fortissima
783 235 884 289 frustra

181 317 303 382 Pectora,
322 317 345 369 si
364 315 439 368 vobis
457 314 604 368 audentem
623 317 746 366 extremo
763 311 861 380 cupido

179 394 264 448 (lertc
283 392 367 460 sequi,
386 408 456 460 quae
474 391 511 444 sit
529 390 611 444 rebus
630 389 739 442 fortuna
758 389 869 444 videtis:
998 401 1036 443 sio

180 471 329 524 Excessere
347 485 448 533 omues,
467 467 557 535 adytis
575 467 684 534 arisque
702 465 813 532 relictis,

180 545 222 610 Di,
241 544 340 614 quibus
357 544 490 612 inperium
509 543 559 596 hoc
577 545 708 607 steterat;
726 542 884 596 succurritis
902 541 963 595 urbi

181 622 325 686 Incensce;
343 620 497 685 meriamur,
516 623 545 673 et
563 620 591 672 iu
609 619 700 672 media
717 635 794 672 erma
811 634 928 672 ruamus.

181 698 242 752 Una
260 698 333 751 salus
350 697 436 762 victis,
455 696 557 750 nullam
575 713 685 764 sperare
703 695 825 749 salutem.

180 774 225 828 Sic
236 774 333 828 animis
345 774 471 826 iuvenum
484 773 559 826 furor
572 773 689 826 additus.
728 772 805 840 lnde,
818 772 875 840 lupi
888 785 938 824 ceu
1000 785 1036 824 soe

182 850 317 919 Raptores
335 853 395 904 etro
413 850 441 902 in
459 849 566 916 nebula,
585 866 654 918 quos
672 849 787 918 inprobe
804 847 908 901 ventris

182 927 281 994 llxegit
299 943 393 980 coecos
411 926 509 993 rabies,
527 926 666 994 catulique
684 926 773 979 relicti

181 1002 315 1056 Faucibus
333 1006 495 1071 exspectent
513 1002 596 1066 siecle,
616 1018 665 1070 per
684 1001 747 1066 tela,
766 1017 815 1070 per
833 1001 919 1054 hostis

181 1079 313 1133 Vadimus
332 1079 405 1132 haud
424 1078 535 1132 dubiam
550 1079 577 1130 iu
593 1082 717 1142 mortem,
735 1077 895 1144 mediaeque
911 1080 1036 1129 tenemus

181 1155 264 1208 Urbis
281 1157 349 1220 itcr;
367 1173 420 1209 nox
438 1159 499 1224 &re
517 1171 582 1208 cave
597 1152 774 1206 circumvolet
792 1152 894 1205 umbra
1000 1164 1036 1205 see

181 1233 248 1296 Quis
266 1233 370 1286 cladem
389 1231 461 1284 illius
478 1231 573 1294 noctis,
592 1230 652 1297 quis
671 1229 767 1282 funere
785 1228 867 1281 frendo

181 1309 312 1377 Explicet,
332 1314 380 1362 cut
398 1309 484 1377 possit
502 1307 621 1360 lacrimis
639 1323 757 1374 coquere
777 1305 902 1359 laboresl

181 1384 255 1438 Urbs
273 1386 386 1453 antiquo
403 1385 466 1449 ruit,
485 1383 585 1436 multos
603 1383 741 1436 dominata
758 1399 808 1451 per
826 1397 926 1445 arruos;

184 1461 301 1514 Plurima
319 1477 422 1530 perque
441 1461 497 1513 vies
516 1463 676 1514 sternuntur
693 1459 793 1512 inertia
811 1458 913 1528 passim

181 1535 301 1606 Corpora
320 1554 423 1605 perque
444 1537 538 1589 domos
556 1539 586 1588 et
603 1535 731 1603 religiosa
749 1534 864 1588 deorum
1001 1548 1037 1588 set

181 1612 293 1666 Limina„
321 1613 379 1666 Nec
398 1612 447 1666 soli
465 1629 566 1681 poenos
584 1611 652 1664 dant
670 1611 800 1679 sanguine
819 1611 929 1677 Teucri;

181 1689 322 1753 Quondam
341 1689 425 1742 etiam
444 1687 521 1742 victis
540 1688 614 1741 redit
632 1688 660 1740 in
678 1687 839 1756 praecordia
856 1689 944 1742 virtus
1013 1695 1016 1702 '

181 1766 362 1833 Victoresque
381 1764 483 1817 cudunt
502 1764 596 1817 Danai.
633 1764 759 1818 Crudelis
778 1763 881 1833 ubique

183 1841 292 1908 Luctus,
309 1841 409 1908 ubique
428 1856 519 1907 pavor,
538 1845 567 1892 et
585 1840 702 1908 plurima
720 1841 816 1894 mortis
834 1841 933 1909 imago.

216 1917 322 1969 Primus
342 1932 378 1980 se,
398 1916 522 1967 Danaum
541 1931 641 1981 magna
659 1916 806 1969 comitante
824 1920 941 1982 caterva,
998 1929 1035 1970 ero

182 1993 345 2058 Androgeos
362 1991 442 2042 offert
461 1990 544 2056 nobis,
563 1990 635 2042 socia
653 1992 761 2057 amnica
779 1991 894 2044 credens

183 2068 294 2132 Inscius,
312 2071 395 2132 atque
413 2065 485 2117 ultro
504 2065 594 2117 verbis
612 2066 756 2131 compellat
775 2067 882 2120 curicis:

184 2144 329 2206 festinate,
349 2142 406 2194 riri.
444 2141 467 2192 N
471 2157 514 2192 am
533 2157 603 2208 quoe
621 2144 678 2193 tam
697 2158 758 2194 sera
776 2146 898 2195 moratur

182 2218 334 2286 Segnitiesl
353 2216 400 2269 clii
418 2216 529 2284 rapiunt
547 2217 656 2269 incenso
674 2217 822 2285 feruntque

183 2295 331 2361 Pergama;
349 2309 397 2345 vos
415 2292 494 2346 celsis
512 2310 582 2346 nunc
600 2293 718 2360 primum
737 2311 753 2347 c
771 2294 886 2349 travibus
903 2295 958 2350 itis.
1001 2311 1037 2352 ³7⁵

182 2371 267 2437 Dixit,
286 2387 302 2423 e
333 2369 480 2438 extemplo,
499 2369 677 2437 nequeenim
697 2387 826 2438 responso
844 2371 981 2426 debentur

183 2446 252 2501 Fida
270 2447 343 2512 satis,
362 2447 446 2500 sensit
465 2445 569 2499 medios
588 2446 716 2514 delapsus
734 2447 761 2500 in
780 2447 873 2502 hostis.

181 2523 329 2592 Obstipuit,
348 2527 477 2590 retroque
495 2523 594 2590 pedem
614 2539 675 2576 cum
693 2540 758 2577 voco
776 2528 915 2595 repressit.

182 2599 355 2670 inprovisum
375 2601 461 2669 aspris
480 2599 563 2652 veluti
582 2599 629 2668 qui
647 2600 770 2654 sentibus
788 2619 904 2670 anguem

182 2677 285 2732 Pressit
304 2677 380 2730 humi
399 2677 497 2742 nitens,
518 2676 697 2745 trepidusque
714 2683 828 2746 repente
847 2679 949 2745 refugit
1000 2693 1037 2730 :sse

128 2804 137 2816 ,
181 2755 364 2810 Attollentem
383 2754 437 2807 iras
455 2758 484 2806 et
503 2752 611 2806 caerula
628 2752 697 2806 colla
713 2757 881 2817 tumentem;

182 2831 265 2905 llaud
284 2847 362 2886 secus
383 2829 545 2896 Androgeos
564 2829 623 2882 visu
642 2829 817 2883 tremefactus
835 2828 935 2882 abibat

182 2907 327 2973 Inruimus,
346 2905 438 2959 densis
457 2909 487 2958 et
505 2904 748 2958 circumfundimur
764 2906 855 2970 ermis,

182 2984 353 3051 ignarosque
371 2981 421 3034 loci
440 2980 541 3049 possim
560 2986 589 3034 et
607 2980 751 3034 formidine
768 2985 861 3049 coptos

181 3059 343 3114 Sternimus.
380 3056 516 3125 Adspirat
534 3056 622 3124 primo
640 3057 750 3110 fortuna
768 3057 862 3110 labori.
1000 3069 1038 3110 ³8⁵

183 3139 277 3205 Atque
296 3134 484 3192 hic,successu
501 3132 641 3185 exsultans
660 3132 811 3201 animisque
830 3131 976 3198 Coroebus,

182 3213 206 3264 Ο
225 3211 297 3276 socii,
316 3226 370 3272 qua
388 3207 483 3278 prima,
501 3207 599 3274 inquit,
615 3207 727 3262 fortuna
744 3207 840 3264 edetis
