2274 3554
109 153 155 200 112
311 184 313 188 .
338 146 369 194 P.
387 145 541 192 valceles.
559 145 727 194 MARONIS

107 227 244 280 Monstrat
262 227 322 294 iter,
341 243 450 294 quaque
468 227 590 279 ostendit
608 243 638 280 se
656 227 763 296 dextra,
781 244 942 296 sequamur:

106 303 245 357 Mutamus
264 303 370 370 clipeos,
392 304 570 370 Danaumque
589 303 707 371 insignia
724 305 803 360 nobis

107 375 264 450 Aptemus.'
286 380 372 434 Dolus
383 397 418 433 an
432 381 524 453 virtus.
539 381 600 446 quis
613 381 640 432 in
654 381 732 436 hoste
747 383 888 452 requirat'l
924 399 959 439 sao

106 459 193 511 Arina
211 457 316 510 dabunt
333 457 392 524 ipsi.
430 457 473 510 Sic
491 456 571 522 fatus,
591 456 690 512 deinde
708 463 860 513 comantem

107 534 248 602 Androgei
266 534 373 602 galeam
392 534 526 600 clipeique
544 533 650 600 insigne
669 534 797 589 decorum

107 611 242 676 induitur,
260 611 396 678 laterique
415 611 549 678 Argivum
567 611 759 667 adcommodat
777 630 876 669 ensem.

106 688 166 742 Hoc
186 689 314 756 Rhipeus,
332 687 383 741 hoc
402 687 461 755 ipse
480 687 581 756 Dymas
599 689 740 758 omnisque
758 691 885 746 iuventus
1021 751 1024 758 ‚

106 765 192 819 Laeta
208 766 289 830 iaoit;
307 765 399 832 spoliis
418 781 447 818 se
466 765 582 834 quisque
600 767 755 820 recentibus
774 771 871 822 armat.
924 783 959 822 aas

107 841 238 896 Vadimus
256 842 364 894 inmixti
384 841 485 894 Danais
504 841 579 894 haud
596 844 706 897 numine
724 848 825 912 nostro,

106 918 247 988 Multaque
265 935 315 987 per
334 935 440 971 caecam
459 919 597 986 congressi
616 921 719 987 proelia
737 924 845 975 noctem

104 995 286 1062 conserimus,
304 994 405 1048 multos
426 993 549 1048 Danaum
569 995 741 1050 demittimus
761 998 839 1051 Creo.

104 1071 256 1140 Diffugiunt
274 1072 320 1126 alii
338 1072 374 1124 ad
392 1071 477 1138 navis,
496 1076 526 1125 et
543 1073 625 1125 litora
642 1089 724 1127 cursu

104 1147 174 1202 Ilida
191 1153 304 1217 petunt:
323 1165 388 1217 pars
406 1150 545 1216 ingentem
563 1149 709 1220 formidiw
726 1150 801 1218 turpi
922 1161 958 1201 loo

103 1223 243 1278 Scandunt
262 1243 356 1278 rursus
375 1243 475 1293 equum
495 1229 524 1278 et
542 1229 608 1278 nota
626 1226 780 1280 conduntur
796 1227 824 1279 in
842 1226 910 1279 alvo.

52 1341 54 1346 .
138 1300 202 1354 Heu
219 1302 285 1354 nihil
303 1303 395 1354 invitis
413 1301 453 1354 fas
472 1298 637 1370 quemquam
656 1302 843 1357 fideredivisi

52 1399 54 1404 v
104 1375 172 1430 Ecce
189 1377 351 1430 trahebatur
367 1377 455 1446 passis
475 1377 612 1430 Priameia
631 1378 708 1446 virg'o

103 1451 229 1506 Crinibus
249 1470 265 1506 a
284 1453 387 1521 templo
407 1452 559 1506 Cassandra
577 1453 721 1522 adytisque
739 1455 887 1520 Mineruae,

104 1529 149 1582 Ad
167 1529 271 1582 eaelum
289 1528 406 1582 tendens
424 1527 550 1581 ardentia
567 1529 671 1581 lumina
688 1529 798 1594 frustra,
921 1543 957 1582 loo

103 1603 224 1672 Lumina,
242 1621 305 1657 nam
323 1608 435 1657 teneras
453 1603 582 1657 arcebant
600 1605 707 1656 vincula
724 1603 834 1671 palmas.

102 1681 128 1734 N
130 1699 164 1735 on
183 1681 246 1736 tulit
264 1681 333 1734 hane
350 1679 470 1748 speciem
486 1679 588 1732 furiata
605 1683 698 1733 mente
717 1680 863 1746 Coroebus,

103 1758 139 1812 Et
157 1775 217 1812 sese
235 1757 358 1812 medium
377 1757 471 1810 iniecit
489 1756 628 1824 periturus
646 1757 673 1809 in
693 1772 800 1823 agmen.

102 1833 300 1902 Consequimur
317 1833 408 1887 cuncti
427 1836 456 1888 et
474 1831 565 1885 densis
583 1832 746 1885 incurrimus
763 1831 850 1886 armis

102 1911 156 1964 Hie
173 1912 291 1979 primum
309 1927 343 1964 ox
362 1910 417 1964 alto
435 1908 543 1962 delubri
561 1909 678 1962 culmine
695 1908 758 1962 telis
921 1919 955 1958 no

102 1987 266 2040 Nostrorum
285 1986 433 2053 obruimur,
452 1986 594 2054 oriturque
613 1985 765 2040 miserrima
782 1984 879 2038 medes

102 2064 251 2116 Armorum
268 2063 337 2116 facie
356 2066 385 2116 et
404 2063 549 2124 Graiarum
568 2079 661 2116 errore
680 2061 811 2115 iubarum.

102 2138 170 2192 Tum
189 2139 278 2193 Danai
295 2141 400 2207 gemitu
417 2143 502 2208 atque
520 2142 632 2208 ereptae
650 2139 762 2206 virginis
779 2137 821 2190 ira

102 2213 232 2284 Undique
250 2216 357 2270 collecti
374 2209 515 2284 invadunt,
535 2216 683 2269 acerrimus
703 2215 783 2280 Aiax,

102 2291 138 2344 m
149 2292 250 2359 gemini
264 2293 387 2358 Atridae,
401 2292 592 2360 Dolopumque
604 2292 741 2346 exercitus
759 2289 861 2352 omnis;
919 2301 955 2340 415

54 2371 56 2375 '
103 2367 221 2420 Adversi
240 2372 321 2436 rupto
340 2384 389 2420 ceu
408 2367 546 2436 quondam
564 2369 676 2421 turbine
695 2365 771 2419 venti

103 2442 263 2512 Confligrmt,
282 2443 476 2511 Zephyrusque
495 2444 520 2496 N
523 2447 640 2512 otusque
658 2446 688 2496 et
705 2442 793 2494 laetus
812 2439 876 2492 Eois

103 2518 192 2574 Eurus
207 2519 303 2588 equis,
319 2518 440 2572 stridunt
458 2519 550 2585 silvae,
569 2519 713 2588 saevitque
732 2516 847 2571 tridenti

102 2595 235 2663 Spumeus
253 2599 337 2663 atque
354 2594 409 2647 imo
427 2594 535 2649 Nereus
553 2596 607 2649 ciet
625 2611 745 2663 aequora
761 2593 852 2646 fundo.

103 2671 147 2724 Illi
165 2673 255 2738 etiam,
274 2672 296 2725 si
315 2687 383 2740 quos
400 2670 516 2724 obseura
534 2677 614 2726 noete
634 2689 685 2740 per
701 2671 827 2724 umbram
922 2681 957 2719 sao

102 2747 235 2802 Fudimus
252 2747 357 2802 insidiis
374 2751 488 2817 totaque
507 2750 672 2817 agitavimus
691 2747 766 2812 urbe,

102 2825 261 2893 Adparent;
278 2825 359 2894 primi
376 2824 478 2893 clipeos
495 2826 667 2894 mentitaque
686 2824 742 2878 tela

103 2901 291 2970 adgnoscunt,
310 2906 394 2971 atque
412 2917 460 2954 ora
478 2917 544 2954 sono
564 2901 699 2955 discordia
718 2899 834 2966 signant.

102 2976 182 3032 Ilicet
200 2978 341 3032 obruimur
358 2993 486 3042 numero;
505 2977 664 3046 primusque
684 2975 822 3030 Coroebus

102 3052 211 3108 Penelei
228 3055 328 3109 dextra
346 3054 424 3107 divae
442 3054 630 3122 armipotentis
649 3055 685 3106 ad
702 3069 776 3106 aram
920 3063 956 3104 aaa

102 3126 274 3197 Procumbit3
292 3131 367 3185 cedit
385 3133 415 3184 et
434 3130 563 3198 Rhipeus,
582 3129 746 3184 iustissimus
764 3145 835 3182 unus

102 3205 154 3269 Qui
171 3206 224 3260 fuit
241 3207 270 3260 in
289 3207 400 3260 Teucris
418 3210 447 3260 et
466 3207 684 3260 servantissimus
702 3205 798 3274 aequi;
