2274 3554
119 141 165 186 108
360 138 389 184 P.
408 137 562 186 VERGILI
580 139 744 187 MARONIS

118 217 185 269 Tum
204 233 268 269 vero
286 217 448 270 tremefacta
466 234 551 270 novus
569 235 619 285 per
637 221 748 286 pectora
765 219 870 276 cunctis

120 292 244 346 lusinuat
261 309 351 360 pavor,
371 298 399 345 01
418 293 506 346 scelus
524 293 686 361 expendisse
704 300 854 350 merentem

117 367 271 422 Laocoonta
289 369 388 436 serunt,
408 386 513 422 sacrum
532 371 580 438 qui
598 370 710 436 cuspide
728 371 811 424 robur
933 389 969 430 rso

117 444 241 499 haeserit
259 449 288 498 01
307 450 384 512 tergo
404 447 562 499 sceleratam
582 446 723 499 intorserit
742 448 854 501 hastam.

117 521 277 575 Ducendum
296 522 332 574 ad
350 522 429 576 sedes
448 521 622 575 simulacrum
640 523 796 592 orandaque
815 525 894 579 divae

117 598 235 652 Numina
252 599 426 652 conclamant.

47 732 50 736 ,
117 673 270 729 Dividimus
289 692 380 728 muros
398 678 427 728 et
445 675 551 729 moenia
568 676 712 744 pandimus
731 676 814 730 urbis.

116 753 270 819 Accingunt
288 769 381 806 ournes
400 753 482 820 opcn',
501 752 671 822 pedibusque
690 756 810 806 rotarum
933 772 970 811 aa

116 828 266 882 Subiiciunt
284 827 383 896 lapsus,
402 832 430 880 01
449 833 565 896 stuppea
584 829 690 882 vincula
707 829 775 882 collo

116 905 275 959 Intendunt.
311 904 423 957 Scandit
440 905 529 958 fistulis
547 906 671 958 machina
688 922 787 972 muros,

116 981 185 1034 Feta
202 981 290 1034 armis.
330 980 411 1034 Pueri
430 981 530 1034 circum
549 984 734 1052 innuptaeque
751 983 857 1051 puellae

115 1057 198 1111 Sacra
216 1060 323 1126 canunt,
341 1057 489 1125 funemque
506 1076 589 1112 manu
606 1061 765 1127 contingere
783 1059 913 1127 gaudent.

118 1134 168 1187 llla
186 1134 266 1201 subit,
286 1133 447 1203 mediaeque
466 1135 571 1188 minans
589 1135 719 1189 inlabitur
736 1135 802 1188 urbi.
931 1151 967 1192 aso

115 1211 254 1279 (lpatria,
273 1227 288 1264 o
307 1210 397 1263 divom
417 1211 514 1265 domus
535 1213 623 1279 Ilium,
642 1216 670 1266 et
688 1213 791 1266 incluta
808 1212 879 1265 bello

116 1286 226 1340 Moenia
246 1286 450 1340 Dardanidum!
470 1292 568 1355 quater
585 1289 644 1356 ipso
663 1288 691 1340 in
708 1288 801 1341 limine
819 1293 915 1357 portae

115 1363 252 1429 Substitit,
271 1366 355 1430 atquo
373 1367 451 1415 utero
470 1363 587 1416 sonitum
606 1369 705 1432 quater
722 1381 797 1417 arma
815 1363 932 1431 dedere;

116 1441 254 1493 Instarnus
272 1443 364 1492 tamen
383 1439 545 1492 inmemores
563 1441 690 1507 caecique
709 1440 808 1508 furore,

115 1517 151 1570 lit
170 1521 319 1569 monstrum
339 1514 431 1566 infelix
451 1519 556 1567 sacrata
574 1515 694 1567 sistimus
714 1531 793 1585 arce„
930 1533 967 1572 245

114 1594 189 1647 Tune
207 1593 289 1645 etium
308 1591 372 1644 fatis
390 1591 481 1657 aperit
499 1590 652 1643 Cassandra
670 1590 769 1642 futuris

114 1669 177 1735 Ora,
195 1670 239 1722 dei
258 1669 332 1720 iussu
349 1683 403 1718 non
421 1682 551 1734 umquam
570 1667 675 1719 credita
692 1667 808 1719 Teucris.

114 1744 171 1799 Nos
190 1745 305 1798 delubra
323 1743 404 1795 deum
422 1742 522 1808 miseri,
541 1741 640 1809 quibus
658 1743 770 1794 ultimus
788 1745 862 1796 esset

114 1821 166 1875 Ille
185 1822 252 1886 dies,
269 1822 339 1872 fosta
357 1819 477 1871 velamus
495 1817 592 1870 fronde
610 1835 659 1885 per
677 1817 777 1870 urbem.

149 1898 276 1951 Vertitur
295 1897 400 1948 interea
417 1895 521 1947 caelum
541 1897 569 1947 et
587 1894 643 1947 ruit
661 1909 760 1946 oceano
780 1893 805 1946 N
808 1910 850 1962 ox,
928 1909 966 1949 ao

115 1974 258 2028 Involvens
275 1971 372 2026 umbra
390 1988 487 2040 magna
504 1977 662 2039 terramque
680 1971 826 2040 polumque

114 2050 370 2120 Myrmidonumque
389 2048 481 2113 dolos;
497 2047 550 2101 fusi
569 2066 618 2117 per
637 2047 743 2101 moenis
762 2047 860 2101 Teucri

114 2127 290 2191 Conticuere;
309 2142 390 2194 sopor
407 2124 493 2178 fossos
511 2125 691 2194 conplectitur
708 2127 791 2178 artus.

115 2205 151 2258 111
169 2205 221 2256 iam
242 2203 346 2270 Argiva
362 2201 481 2271 phalanx
499 2202 640 2255 instructis
657 2201 770 2254 navibus
787 2200 845 2255 ibat

115 2284 141 2334 Α
161 2279 278 2347 Tenedo,
296 2280 395 2332 tacitae
414 2295 463 2346 per
481 2280 567 2332 amica
586 2279 693 2332 silentia
711 2278 790 2330 lunae
929 2293 967 2333 sss

116 2357 209 2410 Litora
226 2361 291 2409 nota
308 2361 413 2423 petens,
433 2354 554 2407 flammas
571 2371 633 2408 cum
652 2353 727 2420 regia
744 2352 843 2421 puppis

115 2433 266 2496 Extulerat
285 2432 404 2498 satisque
423 2430 504 2482 deum
523 2429 652 2482 defensus
670 2429 769 2494 iniquis

116 2509 237 2562 Inclusos
254 2512 333 2561 utero
353 2507 462 2559 Danaos
480 2510 509 2558 ct
526 2506 606 2573 pinea
622 2504 717 2558 furtim

115 2585 202 2640 Laxat
220 2585 339 2638 claustra
357 2584 447 2637 Sinon.
487 2582 551 2634 lllos
568 2581 721 2650 patefactus
740 2580 776 2633 ad
794 2598 874 2636 auras

116 2662 220 2715 lleddit
238 2678 332 2728 equus,
351 2660 470 2728 laetique
488 2675 553 2712 cavo
573 2675 602 2711 se
620 2658 719 2710 robore
737 2661 866 2725 promunt
930 2671 966 2712 so]

115 2738 301 2792 Thessandrus
320 2737 519 2803 Sthenelnsque
537 2734 620 2788 duces
639 2739 667 2787 01
686 2733 762 2786 dirus
781 2734 884 2800 Ulixes,

116 2815 270 2868 Demissum
288 2814 356 2882 lapsi
375 2831 424 2882 por
443 2813 543 2878 funem,
563 2812 742 2878 Acamasque,
763 2809 912 2878 Thoasque,

116 2891 279 2960 Pelidesque
299 2890 500 2958 Neoptolemus,
518 2889 678 2956 primusque
697 2886 838 2953 Machaon,

116 2969 152 3024 Et
171 2968 318 3034 Menelaus,
338 2971 366 3020 01
384 2967 443 3035 ipse
461 2964 517 3017 doli
535 2964 682 3017 fabricator
701 2963 799 3030 Epous.

116 3045 254 3100 Invadunt
272 3044 367 3097 urbem
387 3059 480 3094 sorrmo
498 3041 614 3110 vinoque
633 3038 782 3108 sepultam3

116 3121 275 3176 Caeduntur
292 3121 394 3188 vigiles,
413 3118 554 3188 portisque
572 3116 730 3187 patentibus
748 3113 834 3169 omnis

118 3199 263 3266 Accipiunt
281 3198 365 3252 socios
382 3200 466 3264 etque
484 3195 591 3263 agniim
609 3192 716 3248 conseia
732 3192 855 3260 iungunt.
