2232 3556
404 177 591 226 AENEIDOS
609 177 677 226 LIB.
697 178 748 226 XI.
957 181 1005 230 298

155 263 293 327 Quaenam
313 277 360 314 vos
377 261 456 313 tauto
473 259 583 312 fortuna
601 258 721 326 indigna,
740 257 838 323 Latini,

155 338 286 408 Inplicuit
304 336 382 404 belle,
401 336 447 406 qui
466 352 515 388 nos
533 335 645 402 fugiatis
664 334 780 387 amicost

155 415 254 469 Pacem
273 431 316 467 me
334 413 466 466 exanimis
484 415 513 465 et
531 412 630 465 Martis
649 415 723 464 sorte
742 409 891 478 peremptis
970 423 1004 462 nu

155 491 264 545 Oratisl
284 489 412 559 equidem
431 493 460 542 et
478 487 546 542 vivis
564 487 714 540 concedere
732 487 837 540 vollem.

156 569 181 620 N
183 585 214 622 ee
231 567 301 635 veni,
319 566 370 623 nisi
389 565 446 619 fata
463 565 552 618 locum
571 564 719 632 sedemque
739 563 894 627 dedissent3

156 644 181 696 N
184 661 214 698 ec
233 643 334 696 bellum
354 659 415 696 cum
433 645 517 710 gente
535 657 616 709 gere:
635 657 684 694 rex
703 643 797 693 nostra
815 638 925 706 reliquit

156 721 290 789 Hospita,
310 723 338 773 et
357 719 441 771 Turni
460 718 550 786 potius
569 734 597 770 se
616 715 735 770 credidit
754 715 845 768 armis.

156 797 279 864 Aequius
298 796 360 848 huic
378 795 498 847 Turnum
515 793 606 846 fuerat
625 810 653 847 se
672 809 809 861 opponere
827 791 914 846 morti.
970 806 1005 844 ns

155 873 183 926 si
200 873 303 926 bellum
324 871 403 923 finire
422 887 511 935 manu,
533 869 555 922 si
573 870 676 939 pellere
697 869 814 922 Teucros

158 951 287 1018 Appmat,
306 948 348 1000 his
366 964 473 1000 mecum
492 947 584 1000 decuit
603 962 763 999 concurrere
782 943 859 1008 telis;

157 1025 246 1093 Vixet,
265 1025 309 1078 cui
327 1025 411 1077 vitam
431 1022 499 1075 deus
517 1027 565 1076 aut
583 1039 632 1075 sua
650 1021 749 1074 dextra
767 1020 895 1073 dedisset.

155 1101 179 1153 N
183 1118 233 1154 unc
251 1102 291 1154 ite
309 1105 337 1154 et
356 1099 462 1152 miseris
481 1099 627 1168 supponite
645 1097 748 1150 civibus
767 1097 864 1164 ignem.

155 1177 270 1230 Dixerat
290 1179 405 1230 Aeneae.
444 1175 488 1228 Illi
509 1175 665 1244 obstipuere
685 1174 800 1238 silentes,
969 1187 1004 1225 rao

156 1253 338 1320 Conversique
358 1252 448 1306 oeulos
468 1253 541 1304 inter
560 1268 589 1304 se
609 1254 693 1320 atque
715 1267 762 1303 ora
780 1249 919 1302 tenebant.

155 1329 223 1382 Tum
242 1329 336 1396 senior,
356 1345 517 1397 semperque
535 1328 605 1380 odiis
623 1331 652 1380 et
670 1327 782 1379 crimine
802 1325 922 1378 Drances

156 1405 281 1458 Iniensus
299 1405 389 1458 iuveni
408 1405 498 1457 Turno
516 1404 554 1457 sie
573 1421 620 1457 ore
638 1403 755 1456 vicissim

155 1481 225 1535 Orsa
242 1482 339 1535 refert:
359 1475 382 1533 Ο
400 1482 472 1534 fama
489 1481 592 1549 ingens,
610 1479 748 1548 ingentior
765 1478 854 1546 armis,

154 1557 206 1611 Vir
224 1558 346 1624 Troiane,
365 1557 464 1626 quibus
483 1557 557 1611 eaelo
575 1561 604 1610 te
623 1555 749 1610 laudibus
767 1555 898 1624 aequem?
968 1569 1004 1609 125

155 1635 316 1689 Iustitiaene
334 1635 410 1702 prius
429 1633 518 1701 mirer,
537 1633 638 1686 belline
657 1632 799 1685 laborum?

154 1711 210 1764 Nos
231 1728 294 1765 vcro
313 1710 381 1763 haec
398 1710 515 1778 patriam
534 1710 606 1778 grati
624 1711 774 1763 referemus
793 1709 829 1761 ad
847 1707 950 1772 urbem,

154 1787 189 1840 Et
207 1791 243 1852 te,
263 1786 285 1839 si
305 1803 358 1854 qua
376 1786 448 1838 viam
468 1786 577 1838 dederit
595 1787 712 1851 fortuna,
733 1785 830 1837 Latino

155 1863 303 1930 Iungemus
320 1861 385 1928 rogi.
423 1861 541 1924 Quaerat
562 1860 614 1911 sibi
633 1861 743 1912 foedera
763 1860 876 1912 Turnus.

155 1939 225 2001 Quin
244 1941 272 1990 et
290 1937 381 1988 fatalis
399 1952 538 1986 murorum
557 1935 683 1987 attollere
702 1935 793 2000 moles,
968 1949 1003 1987 rso

154 2012 280 2080 Saxaque
300 2011 461 2064 subvectare
480 2010 600 2062 humeris
621 2009 736 2061 Troiana
754 2009 865 2062 iuvabit.

156 2088 270 2140 Dixerat
288 2087 363 2151 haec,
382 2103 490 2153 unoque
508 2101 602 2138 omnes
622 2085 717 2138 eadem
738 2101 784 2136 ore
802 2085 963 2138 fremebant.

823 2152 831 2171 0

156 2163 201 2215 Bis
220 2179 298 2215 senos
317 2162 447 2230 pepigere
467 2161 533 2226 dica,
553 2163 581 2214 et
600 2177 669 2228 paee,
685 2164 797 2228 sequest

156 2240 208 2292 Per
226 2238 307 2291 silvas
326 2237 422 2290 Teucri
441 2237 574 2306 mixtique
592 2237 692 2304 inpune
713 2236 804 2289 Latini

155 2315 285 2368 llrravere
303 2314 382 2382 iugis.
419 2313 504 2367 Ferro
524 2315 603 2366 sonat
621 2313 675 2366 ieta
694 2311 806 2380 bipenni
969 2327 1004 2368 136

154 2391 302 2456 Fraxinum
321 2394 448 2444 evertunt
466 2393 540 2444 actas
556 2379 595 2442 'ad
614 2388 704 2442 sidera
722 2389 814 2457 pinos;

154 2467 263 2520 Robora
280 2485 330 2521 nee
348 2467 440 2520 cuncis
458 2469 487 2520 et
506 2466 625 2519 olentem
645 2465 769 2518 scindere
786 2466 905 2534 cedrum,

153 2543 178 2596 N
181 2561 211 2596 ec
229 2544 358 2611 plaustris
376 2547 482 2596 cessant
500 2546 609 2596 vectare
627 2541 801 2610 gementibus
820 2559 907 2595 ornos.

188 2619 223 2672 nt
242 2620 296 2672 iam
316 2619 400 2672 Fama
417 2620 518 2685 volans,
535 2619 606 2672 tanti
624 2619 788 2686 praenuntia
805 2619 902 2685 luctus,

155 2693 310 2747 Euandrum
331 2695 507 2763 Euandrique
526 2695 620 2747 domos
639 2699 667 2750 et
686 2695 793 2748 moenia
811 2695 908 2764 replet,
969 2709 1004 2747 no

153 2770 228 2832 Quae
246 2771 326 2823 modo
345 2771 474 2824 victorem
493 2771 572 2824 Latio
594 2771 719 2824 Pallanta
738 2771 851 2826 ferebat.

154 2847 276 2899 Arcades
292 2847 328 2900 ad
348 2852 441 2914 portas
458 2863 545 2914 ruere,
565 2851 594 2900 et
616 2847 651 2900 de
671 2864 746 2900 more
766 2851 875 2900 vetusto

154 2922 290 2976 Funereas
312 2940 426 2991 rapuere
444 2924 531 2988 faces3
550 2924 623 2976 lueet
639 2923 684 2976 via
703 2924 784 2992 longo

153 2997 256 3051 Ordine
277 2997 454 3064 flammarum,
476 3003 504 3053 et
521 2999 576 3053 late
594 2999 764 3053 discriminat
783 3017 869 3068 agros.

152 3073 254 3128 Contra
274 3075 355 3129 turba
376 3076 512 3144 Phrygum
533 3077 644 3130 verricus
663 3077 821 3145 plangentia
842 3077 931 3144 iungit
966 3091 1001 3128 raa

152 3153 278 3220 Agmina.
316 3153 391 3217 Quae
411 3157 555 3222 postquam
577 3158 678 3207 matres
701 3155 847 3207 succedere
867 3153 949 3206 tectis

151 3229 295 3297 Viderunt,
315 3233 447 3285 maestam
465 3231 615 3286 incendunt
633 3229 796 3285 elamoribus
814 3230 918 3284 urbem.
