<?xml version="1.0" encoding="UTF-8"?>
<!DOCTYPE html PUBLIC "-//W3C//DTD XHTML 1.0 Transitional//EN"
    "http://www.w3.org/TR/xhtml1/DTD/xhtml1-transitional.dtd">
<html xmlns="http://www.w3.org/1999/xhtml" xml:lang="en" lang="en">
 <head>
  <title>
</title>
<meta http-equiv="Content-Type" content="text/html;charset=utf-8" />
  <meta name='ocr-system' content='tesseract 3.04.00' />
  <meta name='ocr-capabilities' content='ocr_page ocr_carea ocr_par ocr_line ocrx_word'/>
</head>
<body>
  <div class='ocr_page' id='page_1' title='image "./operaexrecensio02virggoog_0295.png"; bbox 0 0 2232 3556; ppageno 0'>
   <div class='ocr_carea' id='block_1_1' title="bbox 410 133 1004 189">
    <p class='ocr_par' dir='ltr' id='par_1_1' title="bbox 410 133 1004 189">
     <span class='ocr_line' id='line_1_1' title="bbox 410 133 1004 189; baseline 0.007 -5"><span class='ocrx_word' id='word_1_1' title='bbox 410 133 594 184; x_wconf 76' lang='lat' dir='ltr'>Anunlnos</span> <span class='ocrx_word' id='word_1_2' title='bbox 611 135 678 183; x_wconf 85' lang='lat' dir='ltr'>LlB.</span> <span class='ocrx_word' id='word_1_3' title='bbox 697 135 732 182; x_wconf 89' lang='lat' dir='ltr'>X.</span> <span class='ocrx_word' id='word_1_4' title='bbox 956 141 1004 189; x_wconf 76' lang='lat'>283</span> 
     </span>
    </p>
   </div>
   <div class='ocr_carea' id='block_1_2' title="bbox 121 215 1013 3263">
    <p class='ocr_par' dir='ltr' id='par_1_2' title="bbox 154 215 1005 590">
     <span class='ocr_line' id='line_1_2' title="bbox 154 215 967 283; baseline 0.004 -13"><span class='ocrx_word' id='word_1_5' title='bbox 154 217 250 272; x_wconf 89' lang='lat' dir='ltr'>Mente</span> <span class='ocrx_word' id='word_1_6' title='bbox 268 216 357 283; x_wconf 86' lang='lat' dir='ltr'>dares,</span> <span class='ocrx_word' id='word_1_7' title='bbox 375 221 459 283; x_wconf 86' lang='lat' dir='ltr'>atquc</span> <span class='ocrx_word' id='word_1_8' title='bbox 478 215 545 283; x_wconf 81' lang='lat' dir='ltr'>haec</span> <span class='ocrx_word' id='word_1_9' title='bbox 564 216 654 269; x_wconf 83' lang='lat' dir='ltr'>Turno</span> <span class='ocrx_word' id='word_1_10' title='bbox 672 220 734 270; x_wconf 83' lang='lat' dir='ltr'>rata</span> <span class='ocrx_word' id='word_1_11' title='bbox 751 217 808 271; x_wconf 83' lang='lat' dir='ltr'>vita</span> <span class='ocrx_word' id='word_1_12' title='bbox 825 217 951 273; x_wconf 87' lang='lat' dir='ltr'>maneret</span> <span class='ocrx_word' id='word_1_13' title='bbox 958 220 967 273; x_wconf 89' lang='lat' dir='ltr'>&#39;l</span> 
     </span>
     <span class='ocr_line' id='line_1_3' title="bbox 154 292 1005 361; baseline 0.002 -15"><span class='ocrx_word' id='word_1_14' title='bbox 154 293 179 346; x_wconf 89' lang='lat' dir='ltr'>N</span> <span class='ocrx_word' id='word_1_15' title='bbox 182 310 234 346; x_wconf 93' lang='lat' dir='ltr'>unc</span> <span class='ocrx_word' id='word_1_16' title='bbox 252 296 344 346; x_wconf 88' lang='lat' dir='ltr'>manet</span> <span class='ocrx_word' id='word_1_17' title='bbox 361 292 496 346; x_wconf 76' lang='lat' dir='ltr'><strong>insontem</strong></span> <span class='ocrx_word' id='word_1_18' title='bbox 515 294 606 358; x_wconf 81' lang='lat' dir='ltr'>gravis</span> <span class='ocrx_word' id='word_1_19' title='bbox 624 293 729 357; x_wconf 80' lang='lat' dir='ltr'>exitus3</span> <span class='ocrx_word' id='word_1_20' title='bbox 748 298 796 346; x_wconf 86' lang='lat' dir='ltr'>aut</span> <span class='ocrx_word' id='word_1_21' title='bbox 810 311 860 361; x_wconf 81' lang='lat' dir='ltr'>ego</span> <span class='ocrx_word' id='word_1_22' title='bbox 875 296 932 348; x_wconf 83' lang='lat' dir='ltr'>veri</span> <span class='ocrx_word' id='word_1_23' title='bbox 968 311 1005 348; x_wconf 78' lang='lat' dir='ltr'>aso</span> 
     </span>
     <span class='ocr_line' id='line_1_4' title="bbox 155 364 889 437; baseline 0.003 -16"><span class='ocrx_word' id='word_1_24' title='bbox 155 369 233 422; x_wconf 83' lang='lat' dir='ltr'>Vana</span> <span class='ocrx_word' id='word_1_25' title='bbox 250 369 330 422; x_wconf 87' lang='lat' dir='ltr'>feror.</span> <span class='ocrx_word' id='word_1_26' title='bbox 369 368 448 432; x_wconf 84' lang='lat' dir='ltr'>Quod</span> <span class='ocrx_word' id='word_1_27' title='bbox 467 373 498 421; x_wconf 92' lang='lat' dir='ltr'>ut</span> <span class='ocrx_word' id='word_1_28' title='bbox 516 385 532 421; x_wconf 91' lang='lat' dir='ltr'>o</span> <span class='ocrx_word' id='word_1_29' title='bbox 550 370 641 437; x_wconf 86' lang='lat' dir='ltr'>potius</span> <span class='ocrx_word' id='word_1_30' title='bbox 658 364 802 422; x_wconf 81' lang='lat' dir='ltr'>formidine</span> <span class='ocrx_word' id='word_1_31' title='bbox 819 370 889 424; x_wconf 75' lang='lat' dir='ltr'>falsa</span> 
     </span>
     <span class='ocr_line' id='line_1_5' title="bbox 156 444 947 514; baseline 0.004 -16"><span class='ocrx_word' id='word_1_32' title='bbox 156 445 255 512; x_wconf 86' lang='lat' dir='ltr'>Ludar,</span> <span class='ocrx_word' id='word_1_33' title='bbox 274 448 304 498; x_wconf 85' lang='lat' dir='ltr'>et</span> <span class='ocrx_word' id='word_1_34' title='bbox 321 444 349 497; x_wconf 93' lang='lat' dir='ltr'>in</span> <span class='ocrx_word' id='word_1_35' title='bbox 367 444 465 498; x_wconf 88' lang='lat' dir='ltr'>melius</span> <span class='ocrx_word' id='word_1_36' title='bbox 482 449 537 511; x_wconf 85' lang='lat' dir='ltr'>tna,</span> <span class='ocrx_word' id='word_1_37' title='bbox 557 445 604 514; x_wconf 91' lang='lat' dir='ltr'>qui</span> <span class='ocrx_word' id='word_1_38' title='bbox 621 449 708 514; x_wconf 88' lang='lat' dir='ltr'>potes,</span> <span class='ocrx_word' id='word_1_39' title='bbox 726 463 789 499; x_wconf 87' lang='lat' dir='ltr'>orsa</span> <span class='ocrx_word' id='word_1_40' title='bbox 806 447 947 502; x_wconf 84' lang='lat' dir='ltr'>reflectas!</span> 
     </span>
     <span class='ocr_line' id='line_1_6' title="bbox 156 520 851 590; baseline 0.001 -16"><span class='ocrx_word' id='word_1_41' title='bbox 156 522 233 574; x_wconf 84' lang='lat' dir='ltr'>Haec</span> <span class='ocrx_word' id='word_1_42' title='bbox 251 520 298 574; x_wconf 92' lang='lat' dir='ltr'>nbi</span> <span class='ocrx_word' id='word_1_43' title='bbox 317 521 392 575; x_wconf 88' lang='lat' dir='ltr'>dicta</span> <span class='ocrx_word' id='word_1_44' title='bbox 409 522 495 586; x_wconf 89' lang='lat' dir='ltr'>dedit,</span> <span class='ocrx_word' id='word_1_45' title='bbox 514 523 588 576; x_wconf 88' lang='lat' dir='ltr'>caelo</span> <span class='ocrx_word' id='word_1_46' title='bbox 606 539 636 576; x_wconf 89' lang='lat' dir='ltr'>se</span> <span class='ocrx_word' id='word_1_47' title='bbox 653 523 778 590; x_wconf 80' lang='lat' dir='ltr'>protinus</span> <span class='ocrx_word' id='word_1_48' title='bbox 797 523 851 576; x_wconf 85' lang='lat' dir='ltr'>alto</span> 
     </span>
    </p>

    <p class='ocr_par' dir='ltr' id='par_1_3' title="bbox 156 596 1004 806">
     <span class='ocr_line' id='line_1_7' title="bbox 156 596 917 668; baseline 0.005 -19"><span class='ocrx_word' id='word_1_49' title='bbox 156 597 240 664; x_wconf 83' lang='lat' dir='ltr'>Misit,</span> <span class='ocrx_word' id='word_1_50' title='bbox 258 614 343 665; x_wconf 83' lang='lat' dir='ltr'>agens</span> <span class='ocrx_word' id='word_1_51' title='bbox 361 597 478 652; x_wconf 84' lang='lat' dir='ltr'>hiemem</span> <span class='ocrx_word' id='word_1_52' title='bbox 496 598 591 652; x_wconf 87' lang='lat' dir='ltr'>nimbo</span> <span class='ocrx_word' id='word_1_53' title='bbox 608 596 745 653; x_wconf 82' lang='lat' dir='ltr'>succincta</span> <span class='ocrx_word' id='word_1_54' title='bbox 762 616 812 668; x_wconf 86' lang='lat' dir='ltr'>per</span> <span class='ocrx_word' id='word_1_55' title='bbox 829 617 917 667; x_wconf 85' lang='lat' dir='ltr'>auras,</span> 
     </span>
     <span class='ocr_line' id='line_1_8' title="bbox 157 673 1004 744; baseline 0.002 -17"><span class='ocrx_word' id='word_1_56' title='bbox 157 673 323 742; x_wconf 68' lang='lat' dir='ltr'>Iliacamque</span> <span class='ocrx_word' id='word_1_57' title='bbox 342 675 428 728; x_wconf 83' lang='lat' dir='ltr'>aciem</span> <span class='ocrx_word' id='word_1_58' title='bbox 447 680 476 728; x_wconf 89' lang='lat' dir='ltr'>et</span> <span class='ocrx_word' id='word_1_59' title='bbox 494 675 644 728; x_wconf 83' lang='lat' dir='ltr'>Laurentia</span> <span class='ocrx_word' id='word_1_60' title='bbox 661 679 751 729; x_wconf 86' lang='lat' dir='ltr'>castra</span> <span class='ocrx_word' id='word_1_61' title='bbox 769 677 875 744; x_wconf 86' lang='lat' dir='ltr'>petivit.</span> <span class='ocrx_word' id='word_1_62' title='bbox 967 691 1004 730; x_wconf 75' lang='lat' dir='ltr'>uas</span> 
     </span>
     <span class='ocr_line' id='line_1_9' title="bbox 156 750 934 806; baseline 0.004 -4"><span class='ocrx_word' id='word_1_63' title='bbox 156 750 223 803; x_wconf 91' lang='lat' dir='ltr'>Tum</span> <span class='ocrx_word' id='word_1_64' title='bbox 242 751 294 804; x_wconf 87' lang='lat' dir='ltr'>dea</span> <span class='ocrx_word' id='word_1_65' title='bbox 311 751 384 804; x_wconf 92' lang='lat' dir='ltr'>nube</span> <span class='ocrx_word' id='word_1_66' title='bbox 402 768 467 804; x_wconf 87' lang='lat' dir='ltr'>cava</span> <span class='ocrx_word' id='word_1_67' title='bbox 484 756 595 806; x_wconf 86' lang='lat' dir='ltr'>tenuem</span> <span class='ocrx_word' id='word_1_68' title='bbox 613 753 672 806; x_wconf 86' lang='lat' dir='ltr'>sine</span> <span class='ocrx_word' id='word_1_69' title='bbox 690 752 793 805; x_wconf 89' lang='lat' dir='ltr'>viribus</span> <span class='ocrx_word' id='word_1_70' title='bbox 810 752 934 805; x_wconf 86' lang='lat' dir='ltr'>umbram</span> 
     </span>
    </p>

    <p class='ocr_par' dir='ltr' id='par_1_4' title="bbox 156 827 875 974">
     <span class='ocr_line' id='line_1_10' title="bbox 157 827 875 884; baseline 0.003 -4"><span class='ocrx_word' id='word_1_71' title='bbox 157 827 190 880; x_wconf 94' lang='lat' dir='ltr'>ln</span> <span class='ocrx_word' id='word_1_72' title='bbox 206 827 305 882; x_wconf 84' lang='lat' dir='ltr'>faciem</span> <span class='ocrx_word' id='word_1_73' title='bbox 324 828 530 882; x_wconf 82' lang='lat' dir='ltr'>Aeneae—visu</span> <span class='ocrx_word' id='word_1_74' title='bbox 547 829 671 882; x_wconf 88' lang='lat' dir='ltr'>mirabile</span> <span class='ocrx_word' id='word_1_75' title='bbox 689 833 875 884; x_wconf 81' lang='lat' dir='ltr'>monstrum-</span> 
     </span>
     <span class='ocr_line' id='line_1_11' title="bbox 156 904 827 974; baseline 0.003 -17"><span class='ocrx_word' id='word_1_76' title='bbox 156 904 300 958; x_wconf 84' lang='lat' dir='ltr'>Dardaniis</span> <span class='ocrx_word' id='word_1_77' title='bbox 318 910 398 958; x_wconf 85' lang='lat' dir='ltr'>ornat</span> <span class='ocrx_word' id='word_1_78' title='bbox 416 905 485 972; x_wconf 70' lang='lat' dir='ltr'>telis</span> <span class='ocrx_word' id='word_1_79' title='bbox 504 905 676 974; x_wconf 83' lang='lat' dir='ltr'>clipeumque</span> <span class='ocrx_word' id='word_1_80' title='bbox 693 906 827 974; x_wconf 87' lang='lat' dir='ltr'>iubasque</span> 
     </span>
    </p>

    <p class='ocr_par' dir='ltr' id='par_1_5' title="bbox 156 981 821 1051">
     <span class='ocr_line' id='line_1_12' title="bbox 156 981 821 1051; baseline 0 -17"><span class='ocrx_word' id='word_1_81' title='bbox 156 981 246 1034; x_wconf 86' lang='lat' dir='ltr'>Divini</span> <span class='ocrx_word' id='word_1_82' title='bbox 264 981 412 1036; x_wconf 86' lang='lat' dir='ltr'>adsimulat</span> <span class='ocrx_word' id='word_1_83' title='bbox 430 982 536 1051; x_wconf 87' lang='lat' dir='ltr'>capitis,</span> <span class='ocrx_word' id='word_1_84' title='bbox 556 981 604 1034; x_wconf 85' lang='lat' dir='ltr'>dut</span> <span class='ocrx_word' id='word_1_85' title='bbox 622 983 713 1035; x_wconf 85' lang='lat' dir='ltr'>inania</span> <span class='ocrx_word' id='word_1_86' title='bbox 730 981 821 1049; x_wconf 82' lang='lat' dir='ltr'>rerba,</span> 
     </span>
    </p>

    <p class='ocr_par' dir='ltr' id='par_1_6' title="bbox 155 1057 1006 1204">
     <span class='ocr_line' id='line_1_13' title="bbox 157 1057 1006 1126; baseline 0.001 -17"><span class='ocrx_word' id='word_1_87' title='bbox 157 1057 211 1111; x_wconf 85' lang='lat' dir='ltr'>Dat</span> <span class='ocrx_word' id='word_1_88' title='bbox 228 1057 287 1112; x_wconf 90' lang='lat' dir='ltr'>sine</span> <span class='ocrx_word' id='word_1_89' title='bbox 299 1063 392 1112; x_wconf 90' lang='lat' dir='ltr'>mente</span> <span class='ocrx_word' id='word_1_90' title='bbox 408 1075 511 1126; x_wconf 90' lang='lat' dir='ltr'>sonum,</span> <span class='ocrx_word' id='word_1_91' title='bbox 525 1074 691 1126; x_wconf 74' lang='lat' dir='ltr'>gressusque</span> <span class='ocrx_word' id='word_1_92' title='bbox 707 1058 812 1126; x_wconf 82' lang='lat' dir='ltr'>effingit</span> <span class='ocrx_word' id='word_1_93' title='bbox 829 1057 934 1111; x_wconf 89' lang='lat' dir='ltr'>euntis:</span> <span class='ocrx_word' id='word_1_94' title='bbox 968 1071 1006 1110; x_wconf 77' lang='lat' dir='ltr'>oso</span> 
     </span>
     <span class='ocr_line' id='line_1_14' title="bbox 155 1133 857 1204; baseline 0 -18"><span class='ocrx_word' id='word_1_95' title='bbox 155 1133 247 1187; x_wconf 86' lang='lat' dir='ltr'>Morte</span> <span class='ocrx_word' id='word_1_96' title='bbox 265 1133 339 1188; x_wconf 88' lang='lat' dir='ltr'>obita</span> <span class='ocrx_word' id='word_1_97' title='bbox 357 1135 446 1204; x_wconf 88' lang='lat' dir='ltr'>qualis</span> <span class='ocrx_word' id='word_1_98' title='bbox 465 1134 536 1187; x_wconf 83' lang='lat' dir='ltr'>fama</span> <span class='ocrx_word' id='word_1_99' title='bbox 554 1137 598 1186; x_wconf 87' lang='lat' dir='ltr'>est</span> <span class='ocrx_word' id='word_1_100' title='bbox 616 1133 730 1187; x_wconf 77' lang='lat' dir='ltr'>volitare</span> <span class='ocrx_word' id='word_1_101' title='bbox 748 1134 857 1201; x_wconf 79' lang='lat' dir='ltr'>figuras,</span> 
     </span>
    </p>

    <p class='ocr_par' dir='ltr' id='par_1_7' title="bbox 156 1210 821 1280">
     <span class='ocr_line' id='line_1_15' title="bbox 156 1210 821 1280; baseline 0 -18"><span class='ocrx_word' id='word_1_102' title='bbox 156 1211 216 1263; x_wconf 87' lang='lat' dir='ltr'>Ant</span> <span class='ocrx_word' id='word_1_103' title='bbox 234 1226 304 1278; x_wconf 87' lang='lat' dir='ltr'>quae</span> <span class='ocrx_word' id='word_1_104' title='bbox 323 1212 426 1280; x_wconf 87' lang='lat' dir='ltr'>sopitos</span> <span class='ocrx_word' id='word_1_105' title='bbox 444 1210 579 1263; x_wconf 89' lang='lat' dir='ltr'>deludunt</span> <span class='ocrx_word' id='word_1_106' title='bbox 597 1210 701 1263; x_wconf 87' lang='lat' dir='ltr'>somnia</span> <span class='ocrx_word' id='word_1_107' title='bbox 719 1226 821 1263; x_wconf 88' lang='lat' dir='ltr'>sensns.</span> 
     </span>
    </p>

    <p class='ocr_par' dir='ltr' id='par_1_8' title="bbox 157 1286 831 1354">
     <span class='ocr_line' id='line_1_16' title="bbox 157 1286 831 1354; baseline 0 -16"><span class='ocrx_word' id='word_1_108' title='bbox 157 1287 197 1338; x_wconf 87' lang='lat' dir='ltr'>At</span> <span class='ocrx_word' id='word_1_109' title='bbox 214 1287 317 1354; x_wconf 90' lang='lat' dir='ltr'>primas</span> <span class='ocrx_word' id='word_1_110' title='bbox 334 1287 406 1341; x_wconf 84' lang='lat' dir='ltr'>lacta</span> <span class='ocrx_word' id='word_1_111' title='bbox 424 1290 488 1340; x_wconf 89' lang='lat' dir='ltr'>ante</span> <span class='ocrx_word' id='word_1_112' title='bbox 506 1287 578 1340; x_wconf 87' lang='lat' dir='ltr'>acies</span> <span class='ocrx_word' id='word_1_113' title='bbox 596 1286 717 1339; x_wconf 82' lang='lat' dir='ltr'>exsultat</span> <span class='ocrx_word' id='word_1_114' title='bbox 734 1287 831 1354; x_wconf 84' lang='lat' dir='ltr'>imago,</span> 
     </span>
    </p>

    <p class='ocr_par' dir='ltr' id='par_1_9' title="bbox 157 1362 764 1431">
     <span class='ocr_line' id='line_1_17' title="bbox 157 1362 764 1431; baseline -0.003 -13"><span class='ocrx_word' id='word_1_115' title='bbox 157 1362 313 1431; x_wconf 85' lang='lat' dir='ltr'>Inritatque</span> <span class='ocrx_word' id='word_1_116' title='bbox 331 1365 418 1416; x_wconf 82' lang='lat' dir='ltr'>virum</span> <span class='ocrx_word' id='word_1_117' title='bbox 436 1363 500 1416; x_wconf 87' lang='lat' dir='ltr'>telis</span> <span class='ocrx_word' id='word_1_118' title='bbox 518 1367 547 1416; x_wconf 86' lang='lat' dir='ltr'>et</span> <span class='ocrx_word' id='word_1_119' title='bbox 565 1379 630 1416; x_wconf 79' lang='lat' dir='ltr'>voce</span> <span class='ocrx_word' id='word_1_120' title='bbox 647 1362 764 1416; x_wconf 79' lang='lat' dir='ltr'>lacessit.</span> 
     </span>
    </p>

    <p class='ocr_par' dir='ltr' id='par_1_10' title="bbox 157 1437 1007 1583">
     <span class='ocr_line' id='line_1_18' title="bbox 157 1437 1007 1507; baseline 0 -15"><span class='ocrx_word' id='word_1_121' title='bbox 157 1437 248 1492; x_wconf 83' lang='lat' dir='ltr'>Instat</span> <span class='ocrx_word' id='word_1_122' title='bbox 265 1439 308 1492; x_wconf 91' lang='lat' dir='ltr'>cui</span> <span class='ocrx_word' id='word_1_123' title='bbox 327 1439 440 1506; x_wconf 82' lang='lat' dir='ltr'>Turnus,</span> <span class='ocrx_word' id='word_1_124' title='bbox 459 1439 678 1507; x_wconf 80' lang='lat' dir='ltr'>stridentemque</span> <span class='ocrx_word' id='word_1_125' title='bbox 696 1439 802 1492; x_wconf 90' lang='lat' dir='ltr'>eminus</span> <span class='ocrx_word' id='word_1_126' title='bbox 819 1439 927 1492; x_wconf 87' lang='lat' dir='ltr'>hastam</span> <span class='ocrx_word' id='word_1_127' title='bbox 969 1452 1007 1492; x_wconf 76' lang='lat' dir='ltr'>als</span> 
     </span>
     <span class='ocr_line' id='line_1_19' title="bbox 157 1514 782 1583; baseline -0.003 -13"><span class='ocrx_word' id='word_1_128' title='bbox 157 1514 289 1580; x_wconf 84' lang='lat' dir='ltr'>Coniicit;</span> <span class='ocrx_word' id='word_1_129' title='bbox 312 1515 359 1570; x_wconf 87' lang='lat' dir='ltr'>illa</span> <span class='ocrx_word' id='word_1_130' title='bbox 377 1516 442 1569; x_wconf 87' lang='lat' dir='ltr'>dato</span> <span class='ocrx_word' id='word_1_131' title='bbox 460 1516 544 1569; x_wconf 89' lang='lat' dir='ltr'>vertit</span> <span class='ocrx_word' id='word_1_132' title='bbox 562 1515 678 1583; x_wconf 84' lang='lat' dir='ltr'>vestigia</span> <span class='ocrx_word' id='word_1_133' title='bbox 697 1520 782 1582; x_wconf 81' lang='lat' dir='ltr'>tergo.</span> 
     </span>
    </p>

    <p class='ocr_par' dir='ltr' id='par_1_11' title="bbox 156 1591 988 1812">
     <span class='ocr_line' id='line_1_20' title="bbox 156 1591 873 1646; baseline -0.003 0"><span class='ocrx_word' id='word_1_134' title='bbox 156 1591 224 1646; x_wconf 79' lang='lat' dir='ltr'>&#39;lum</span> <span class='ocrx_word' id='word_1_135' title='bbox 243 1609 306 1646; x_wconf 87' lang='lat' dir='ltr'>vero</span> <span class='ocrx_word' id='word_1_136' title='bbox 326 1595 439 1646; x_wconf 80' lang='lat' dir='ltr'>Aerrean</span> <span class='ocrx_word' id='word_1_137' title='bbox 457 1609 582 1646; x_wconf 87' lang='lat' dir='ltr'>aversum</span> <span class='ocrx_word' id='word_1_138' title='bbox 600 1595 632 1645; x_wconf 92' lang='lat' dir='ltr'>ut</span> <span class='ocrx_word' id='word_1_139' title='bbox 650 1591 749 1645; x_wconf 88' lang='lat' dir='ltr'>cedere</span> <span class='ocrx_word' id='word_1_140' title='bbox 767 1591 873 1644; x_wconf 84' lang='lat' dir='ltr'>Turnus</span> 
     </span>
     <span class='ocr_line' id='line_1_21' title="bbox 157 1667 988 1737; baseline -0.006 -15"><span class='ocrx_word' id='word_1_141' title='bbox 157 1668 288 1736; x_wconf 87' lang='lat' dir='ltr'>Credidit,</span> <span class='ocrx_word' id='word_1_142' title='bbox 306 1673 391 1736; x_wconf 86' lang='lat' dir='ltr'>atque</span> <span class='ocrx_word' id='word_1_143' title='bbox 408 1669 498 1721; x_wconf 87' lang='lat' dir='ltr'>animo</span> <span class='ocrx_word' id='word_1_144' title='bbox 517 1685 593 1737; x_wconf 88' lang='lat' dir='ltr'>spem</span> <span class='ocrx_word' id='word_1_145' title='bbox 611 1667 740 1722; x_wconf 85' lang='lat' dir='ltr'>turbidus</span> <span class='ocrx_word' id='word_1_146' title='bbox 758 1667 850 1721; x_wconf 85' lang='lat' dir='ltr'>hausit</span> <span class='ocrx_word' id='word_1_147' title='bbox 867 1667 988 1720; x_wconf 88' lang='lat' dir='ltr'>inanem:</span> 
     </span>
     <span class='ocr_line' id='line_1_22' title="bbox 157 1743 893 1812; baseline 0 -16"><span class='ocrx_word' id='word_1_148' title='bbox 157 1745 216 1808; x_wconf 85' lang='lat' dir='ltr'>Quo</span> <span class='ocrx_word' id='word_1_149' title='bbox 234 1744 312 1812; x_wconf 82' lang='lat' dir='ltr'>iugis,</span> <span class='ocrx_word' id='word_1_150' title='bbox 333 1747 444 1798; x_wconf 83' lang='lat' dir='ltr'>Aeneal</span> <span class='ocrx_word' id='word_1_151' title='bbox 463 1744 598 1798; x_wconf 86' lang='lat' dir='ltr'>thalamos</span> <span class='ocrx_word' id='word_1_152' title='bbox 615 1761 650 1798; x_wconf 91' lang='lat' dir='ltr'>ne</span> <span class='ocrx_word' id='word_1_153' title='bbox 669 1743 766 1797; x_wconf 85' lang='lat' dir='ltr'>desere</span> <span class='ocrx_word' id='word_1_154' title='bbox 783 1747 893 1812; x_wconf 87' lang='lat' dir='ltr'>pactos;</span> 
     </span>
    </p>

    <p class='ocr_par' dir='ltr' id='par_1_12' title="bbox 157 1819 1008 2036">
     <span class='ocr_line' id='line_1_23' title="bbox 157 1819 1008 1888; baseline -0.005 -14"><span class='ocrx_word' id='word_1_155' title='bbox 157 1820 217 1874; x_wconf 86' lang='lat' dir='ltr'>Hac</span> <span class='ocrx_word' id='word_1_156' title='bbox 236 1820 347 1874; x_wconf 84' lang='lat' dir='ltr'>dabitur</span> <span class='ocrx_word' id='word_1_157' title='bbox 365 1820 465 1874; x_wconf 84' lang='lat' dir='ltr'>dextra</span> <span class='ocrx_word' id='word_1_158' title='bbox 482 1819 564 1873; x_wconf 84' lang='lat' dir='ltr'>tellus</span> <span class='ocrx_word' id='word_1_159' title='bbox 582 1821 707 1888; x_wconf 87' lang='lat' dir='ltr'>quaesita</span> <span class='ocrx_word' id='word_1_160' title='bbox 725 1837 775 1888; x_wconf 90' lang='lat' dir='ltr'>per</span> <span class='ocrx_word' id='word_1_161' title='bbox 793 1820 887 1872; x_wconf 84' lang='lat' dir='ltr'>undas.</span> <span class='ocrx_word' id='word_1_162' title='bbox 971 1833 1008 1870; x_wconf 71' lang='lat' dir='ltr'>mo</span> 
     </span>
     <span class='ocr_line' id='line_1_24' title="bbox 157 1895 892 1963; baseline 0 -15"><span class='ocrx_word' id='word_1_163' title='bbox 157 1897 233 1949; x_wconf 81' lang='lat' dir='ltr'>&#39;lolia</span> <span class='ocrx_word' id='word_1_164' title='bbox 249 1897 400 1963; x_wconf 72' lang='lat' dir='ltr'>uociferans</span> <span class='ocrx_word' id='word_1_165' title='bbox 419 1895 551 1963; x_wconf 88' lang='lat' dir='ltr'>seqnitur,</span> <span class='ocrx_word' id='word_1_166' title='bbox 569 1896 750 1962; x_wconf 85' lang='lat' dir='ltr'>strictumque</span> <span class='ocrx_word' id='word_1_167' title='bbox 768 1899 892 1948; x_wconf 86' lang='lat' dir='ltr'>coruscat</span> 
     </span>
     <span class='ocr_line' id='line_1_25' title="bbox 157 1970 888 2036; baseline -0.003 -12"><span class='ocrx_word' id='word_1_168' title='bbox 157 1971 331 2034; x_wconf 79' lang='lat' dir='ltr'>Mucronem3</span> <span class='ocrx_word' id='word_1_169' title='bbox 349 1987 399 2023; x_wconf 94' lang='lat' dir='ltr'>ncc</span> <span class='ocrx_word' id='word_1_170' title='bbox 417 1971 490 2024; x_wconf 86' lang='lat' dir='ltr'>ferre</span> <span class='ocrx_word' id='word_1_171' title='bbox 507 1970 583 2023; x_wconf 89' lang='lat' dir='ltr'>videt</span> <span class='ocrx_word' id='word_1_172' title='bbox 601 1987 650 2022; x_wconf 88' lang='lat' dir='ltr'>sua</span> <span class='ocrx_word' id='word_1_173' title='bbox 667 1970 767 2036; x_wconf 79' lang='lat' dir='ltr'>gaudia</span> <span class='ocrx_word' id='word_1_174' title='bbox 785 1973 888 2022; x_wconf 80' lang='lat' dir='ltr'>ventos.</span> 
     </span>
    </p>

    <p class='ocr_par' dir='ltr' id='par_1_13' title="bbox 158 2045 806 2113">
     <span class='ocr_line' id='line_1_26' title="bbox 158 2045 806 2113; baseline -0.005 -15"><span class='ocrx_word' id='word_1_175' title='bbox 158 2045 242 2100; x_wconf 87' lang='lat' dir='ltr'>Forte</span> <span class='ocrx_word' id='word_1_176' title='bbox 259 2047 327 2100; x_wconf 87' lang='lat' dir='ltr'>ratis</span> <span class='ocrx_word' id='word_1_177' title='bbox 345 2045 410 2100; x_wconf 87' lang='lat' dir='ltr'>celsi</span> <span class='ocrx_word' id='word_1_178' title='bbox 428 2046 571 2098; x_wconf 84' lang='lat' dir='ltr'>coniuncta</span> <span class='ocrx_word' id='word_1_179' title='bbox 590 2045 730 2113; x_wconf 85' lang='lat' dir='ltr'>crepidine</span> <span class='ocrx_word' id='word_1_180' title='bbox 749 2045 806 2096; x_wconf 79' lang='lat' dir='ltr'>said</span> 
     </span>
    </p>

    <p class='ocr_par' dir='ltr' id='par_1_14' title="bbox 158 2121 772 2190">
     <span class='ocr_line' id='line_1_27' title="bbox 158 2121 772 2190; baseline -0.003 -16"><span class='ocrx_word' id='word_1_181' title='bbox 158 2122 296 2190; x_wconf 83' lang='lat' dir='ltr'>Expositis</span> <span class='ocrx_word' id='word_1_182' title='bbox 314 2121 407 2175; x_wconf 86' lang='lat' dir='ltr'>stabat</span> <span class='ocrx_word' id='word_1_183' title='bbox 424 2121 503 2174; x_wconf 89' lang='lat' dir='ltr'>scalis</span> <span class='ocrx_word' id='word_1_184' title='bbox 521 2125 551 2174; x_wconf 88' lang='lat' dir='ltr'>et</span> <span class='ocrx_word' id='word_1_185' title='bbox 568 2125 652 2189; x_wconf 89' lang='lat' dir='ltr'>ponte</span> <span class='ocrx_word' id='word_1_186' title='bbox 669 2125 772 2188; x_wconf 84' lang='lat' dir='ltr'>parato,</span> 
     </span>
    </p>

    <p class='ocr_par' dir='ltr' id='par_1_15' title="bbox 159 2196 1010 2343">
     <span class='ocr_line' id='line_1_28' title="bbox 159 2196 1010 2263; baseline -0.002 -11"><span class='ocrx_word' id='word_1_187' title='bbox 159 2199 218 2263; x_wconf 83' lang='lat' dir='ltr'>Qua</span> <span class='ocrx_word' id='word_1_188' title='bbox 235 2215 284 2252; x_wconf 77' lang='lat' dir='ltr'>rex</span> <span class='ocrx_word' id='word_1_189' title='bbox 304 2197 420 2251; x_wconf 83' lang='lat' dir='ltr'>Clusinis</span> <span class='ocrx_word' id='word_1_190' title='bbox 437 2196 568 2250; x_wconf 86' lang='lat' dir='ltr'>advectus</span> <span class='ocrx_word' id='word_1_191' title='bbox 588 2197 698 2249; x_wconf 84' lang='lat' dir='ltr'>Osinius</span> <span class='ocrx_word' id='word_1_192' title='bbox 715 2196 776 2248; x_wconf 90' lang='lat' dir='ltr'>oris.</span> <span class='ocrx_word' id='word_1_193' title='bbox 974 2213 1010 2250; x_wconf 79' lang='lat' dir='ltr'>sss</span> 
     </span>
     <span class='ocr_line' id='line_1_29' title="bbox 159 2273 810 2343; baseline -0.011 -13"><span class='ocrx_word' id='word_1_194' title='bbox 159 2276 223 2330; x_wconf 89' lang='lat' dir='ltr'>Huc</span> <span class='ocrx_word' id='word_1_195' title='bbox 240 2291 300 2329; x_wconf 87' lang='lat' dir='ltr'>sese</span> <span class='ocrx_word' id='word_1_196' title='bbox 320 2273 427 2343; x_wconf 88' lang='lat' dir='ltr'>trepida</span> <span class='ocrx_word' id='word_1_197' title='bbox 446 2276 556 2327; x_wconf 82' lang='lat' dir='ltr'>Aeneae</span> <span class='ocrx_word' id='word_1_198' title='bbox 574 2273 703 2342; x_wconf 84' lang='lat' dir='ltr'>fugientis</span> <span class='ocrx_word' id='word_1_199' title='bbox 721 2273 810 2339; x_wconf 86' lang='lat' dir='ltr'>imago</span> 
     </span>
    </p>

    <p class='ocr_par' dir='ltr' id='par_1_16' title="bbox 159 2348 902 2497">
     <span class='ocr_line' id='line_1_30' title="bbox 159 2348 902 2417; baseline -0.009 -11"><span class='ocrx_word' id='word_1_200' title='bbox 159 2351 275 2406; x_wconf 85' lang='lat' dir='ltr'>Ooniicit</span> <span class='ocrx_word' id='word_1_201' title='bbox 292 2352 320 2406; x_wconf 93' lang='lat' dir='ltr'>in</span> <span class='ocrx_word' id='word_1_202' title='bbox 338 2351 473 2416; x_wconf 84' lang='lat' dir='ltr'>latebras;</span> <span class='ocrx_word' id='word_1_203' title='bbox 490 2367 541 2404; x_wconf 91' lang='lat' dir='ltr'>nec</span> <span class='ocrx_word' id='word_1_204' title='bbox 558 2351 665 2404; x_wconf 82' lang='lat' dir='ltr'>Turnus</span> <span class='ocrx_word' id='word_1_205' title='bbox 683 2349 792 2417; x_wconf 82' lang='lat' dir='ltr'>segnior</span> <span class='ocrx_word' id='word_1_206' title='bbox 809 2348 902 2414; x_wconf 86' lang='lat' dir='ltr'>instat,</span> 
     </span>
     <span class='ocr_line' id='line_1_31' title="bbox 159 2424 870 2497; baseline -0.004 -16"><span class='ocrx_word' id='word_1_207' title='bbox 159 2429 367 2497; x_wconf 84' lang='lat' dir='ltr'>Exsuperatque</span> <span class='ocrx_word' id='word_1_208' title='bbox 385 2445 482 2496; x_wconf 81' lang='lat' dir='ltr'>moras,</span> <span class='ocrx_word' id='word_1_209' title='bbox 501 2431 531 2481; x_wconf 87' lang='lat' dir='ltr'>et</span> <span class='ocrx_word' id='word_1_210' title='bbox 548 2427 638 2497; x_wconf 90' lang='lat' dir='ltr'>pontis</span> <span class='ocrx_word' id='word_1_211' title='bbox 657 2425 775 2479; x_wconf 85' lang='lat' dir='ltr'>transilit</span> <span class='ocrx_word' id='word_1_212' title='bbox 794 2424 870 2478; x_wconf 80' lang='lat' dir='ltr'>altos</span> 
     </span>
    </p>

    <p class='ocr_par' dir='ltr' id='par_1_17' title="bbox 159 2501 1012 2801">
     <span class='ocr_line' id='line_1_32' title="bbox 159 2501 892 2574; baseline -0.007 -17"><span class='ocrx_word' id='word_1_213' title='bbox 159 2505 214 2557; x_wconf 88' lang='lat' dir='ltr'>Vix</span> <span class='ocrx_word' id='word_1_214' title='bbox 231 2522 339 2574; x_wconf 86' lang='lat' dir='ltr'>proram</span> <span class='ocrx_word' id='word_1_215' title='bbox 358 2506 504 2573; x_wconf 84' lang='lat' dir='ltr'>attigerat:</span> <span class='ocrx_word' id='word_1_216' title='bbox 522 2504 626 2573; x_wconf 88' lang='lat' dir='ltr'>rumpit</span> <span class='ocrx_word' id='word_1_217' title='bbox 645 2502 773 2556; x_wconf 80' lang='lat' dir='ltr'>Saturnia</span> <span class='ocrx_word' id='word_1_218' title='bbox 790 2501 892 2569; x_wconf 82' lang='lat' dir='ltr'>funem,</span> 
     </span>
     <span class='ocr_line' id='line_1_33' title="bbox 161 2581 1012 2651; baseline -0.007 -15"><span class='ocrx_word' id='word_1_219' title='bbox 161 2581 345 2650; x_wconf 85' lang='lat' dir='ltr'>Avolsamque</span> <span class='ocrx_word' id='word_1_220' title='bbox 362 2583 435 2651; x_wconf 82' lang='lat' dir='ltr'>rapit</span> <span class='ocrx_word' id='word_1_221' title='bbox 452 2581 577 2636; x_wconf 86' lang='lat' dir='ltr'>revoluta</span> <span class='ocrx_word' id='word_1_222' title='bbox 595 2596 782 2649; x_wconf 80' lang='lat' dir='ltr'>peraequare</span> <span class='ocrx_word' id='word_1_223' title='bbox 800 2593 904 2631; x_wconf 87' lang='lat' dir='ltr'>navem.</span> <span class='ocrx_word' id='word_1_224' title='bbox 976 2591 1012 2630; x_wconf 76' lang='lat' dir='ltr'>sei</span> 
     </span>
     <span class='ocr_line' id='line_1_34' title="bbox 160 2652 927 2724; baseline -0.005 -14"><span class='ocrx_word' id='word_1_225' title='bbox 160 2656 241 2711; x_wconf 91' lang='lat' dir='ltr'>Illum</span> <span class='ocrx_word' id='word_1_226' title='bbox 260 2663 352 2711; x_wconf 86' lang='lat' dir='ltr'>autem</span> <span class='ocrx_word' id='word_1_227' title='bbox 371 2660 481 2712; x_wconf 83' lang='lat' dir='ltr'>Aeneas</span> <span class='ocrx_word' id='word_1_228' title='bbox 497 2657 639 2711; x_wconf 85' lang='lat' dir='ltr'>absentem</span> <span class='ocrx_word' id='word_1_229' title='bbox 657 2657 686 2709; x_wconf 93' lang='lat' dir='ltr'>in</span> <span class='ocrx_word' id='word_1_230' title='bbox 703 2656 808 2724; x_wconf 88' lang='lat' dir='ltr'>proclia</span> <span class='ocrx_word' id='word_1_231' title='bbox 825 2652 927 2722; x_wconf 87' lang='lat' dir='ltr'>poscit:</span> 
     </span>
     <span class='ocr_line' id='line_1_35' title="bbox 160 2731 839 2801; baseline -0.006 -15"><span class='ocrx_word' id='word_1_232' title='bbox 160 2731 248 2786; x_wconf 89' lang='lat' dir='ltr'>Obvia</span> <span class='ocrx_word' id='word_1_233' title='bbox 264 2733 353 2788; x_wconf 85' lang='lat' dir='ltr'>multa</span> <span class='ocrx_word' id='word_1_234' title='bbox 369 2734 458 2787; x_wconf 82' lang='lat' dir='ltr'>uirum</span> <span class='ocrx_word' id='word_1_235' title='bbox 476 2734 599 2788; x_wconf 86' lang='lat' dir='ltr'>demittit</span> <span class='ocrx_word' id='word_1_236' title='bbox 617 2749 730 2801; x_wconf 83' lang='lat' dir='ltr'>corpora</span> <span class='ocrx_word' id='word_1_237' title='bbox 748 2731 839 2784; x_wconf 88' lang='lat' dir='ltr'>morti.</span> 
     </span>
    </p>

    <p class='ocr_par' dir='ltr' id='par_1_18' title="bbox 121 2805 947 2940">
     <span class='ocr_line' id='line_1_36' title="bbox 121 2805 947 2877; baseline -0.008 -14"><span class='ocrx_word' id='word_1_238' title='bbox 121 2807 125 2816; x_wconf 91' lang='lat'>&#39;</span> <span class='ocrx_word' id='word_1_239' title='bbox 160 2810 228 2864; x_wconf 84' lang='lat' dir='ltr'>Tum</span> <span class='ocrx_word' id='word_1_240' title='bbox 245 2810 312 2863; x_wconf 90' lang='lat' dir='ltr'>levis</span> <span class='ocrx_word' id='word_1_241' title='bbox 329 2808 404 2862; x_wconf 91' lang='lat' dir='ltr'>haud</span> <span class='ocrx_word' id='word_1_242' title='bbox 421 2810 494 2864; x_wconf 86' lang='lat' dir='ltr'>ultra</span> <span class='ocrx_word' id='word_1_243' title='bbox 511 2810 632 2864; x_wconf 88' lang='lat' dir='ltr'>latebras</span> <span class='ocrx_word' id='word_1_244' title='bbox 649 2809 704 2862; x_wconf 88' lang='lat' dir='ltr'>iam</span> <span class='ocrx_word' id='word_1_245' title='bbox 723 2808 831 2877; x_wconf 87' lang='lat' dir='ltr'>quaerit</span> <span class='ocrx_word' id='word_1_246' title='bbox 849 2805 947 2872; x_wconf 84' lang='lat' dir='ltr'>imago,</span> 
     </span>
     <span class='ocr_line' id='line_1_37' title="bbox 160 2885 856 2940; baseline -0.006 0"><span class='ocrx_word' id='word_1_247' title='bbox 160 2886 216 2940; x_wconf 83' lang='lat' dir='ltr'>Sed</span> <span class='ocrx_word' id='word_1_248' title='bbox 234 2886 350 2939; x_wconf 90' lang='lat' dir='ltr'>sublime</span> <span class='ocrx_word' id='word_1_249' title='bbox 367 2885 460 2940; x_wconf 85' lang='lat' dir='ltr'>volans</span> <span class='ocrx_word' id='word_1_250' title='bbox 477 2886 544 2940; x_wconf 92' lang='lat' dir='ltr'>nubi</span> <span class='ocrx_word' id='word_1_251' title='bbox 562 2903 591 2940; x_wconf 89' lang='lat' dir='ltr'>se</span> <span class='ocrx_word' id='word_1_252' title='bbox 609 2886 747 2938; x_wconf 88' lang='lat' dir='ltr'>inmiscuit</span> <span class='ocrx_word' id='word_1_253' title='bbox 765 2889 856 2938; x_wconf 86' lang='lat' dir='ltr'>atrae:</span> 
     </span>
    </p>

    <p class='ocr_par' dir='ltr' id='par_1_19' title="bbox 160 2956 1013 3108">
     <span class='ocr_line' id='line_1_38' title="bbox 160 2956 1013 3030; baseline -0.006 -13"><span class='ocrx_word' id='word_1_254' title='bbox 160 2963 229 3018; x_wconf 87' lang='lat' dir='ltr'>Oum</span> <span class='ocrx_word' id='word_1_255' title='bbox 249 2963 367 3015; x_wconf 88' lang='lat' dir='ltr'>Tnnmm</span> <span class='ocrx_word' id='word_1_256' title='bbox 386 2963 476 3015; x_wconf 86' lang='lat' dir='ltr'>medio</span> <span class='ocrx_word' id='word_1_257' title='bbox 494 2963 601 3017; x_wconf 87' lang='lat' dir='ltr'>interea</span> <span class='ocrx_word' id='word_1_258' title='bbox 618 2963 673 3015; x_wconf 83' lang='lat' dir='ltr'>lert</span> <span class='ocrx_word' id='word_1_259' title='bbox 691 2977 809 3030; x_wconf 87' lang='lat' dir='ltr'>aequore</span> <span class='ocrx_word' id='word_1_260' title='bbox 827 2956 916 3012; x_wconf 81' lang='lat' dir='ltr'>turbo.</span> <span class='ocrx_word' id='word_1_261' title='bbox 976 2972 1013 3012; x_wconf 69' lang='lat' dir='ltr'>uis</span> 
     </span>
     <span class='ocr_line' id='line_1_39' title="bbox 160 3037 842 3108; baseline -0.006 -15"><span class='ocrx_word' id='word_1_262' title='bbox 160 3039 285 3108; x_wconf 83' lang='lat' dir='ltr'>Respicit</span> <span class='ocrx_word' id='word_1_263' title='bbox 302 3039 413 3106; x_wconf 86' lang='lat' dir='ltr'>ignarus</span> <span class='ocrx_word' id='word_1_264' title='bbox 431 3055 524 3092; x_wconf 89' lang='lat' dir='ltr'>rerum</span> <span class='ocrx_word' id='word_1_265' title='bbox 542 3040 722 3108; x_wconf 83' lang='lat' dir='ltr'>ingratusque</span> <span class='ocrx_word' id='word_1_266' title='bbox 740 3037 842 3102; x_wconf 88' lang='lat' dir='ltr'>salutis,</span> 
     </span>
    </p>

    <p class='ocr_par' dir='ltr' id='par_1_20' title="bbox 160 3112 921 3263">
     <span class='ocr_line' id='line_1_40' title="bbox 160 3112 892 3185; baseline -0.005 -14"><span class='ocrx_word' id='word_1_267' title='bbox 160 3116 197 3171; x_wconf 79' lang='lat' dir='ltr'>nt</span> <span class='ocrx_word' id='word_1_268' title='bbox 215 3115 331 3185; x_wconf 86' lang='lat' dir='ltr'>duplicis</span> <span class='ocrx_word' id='word_1_269' title='bbox 349 3132 410 3168; x_wconf 91' lang='lat' dir='ltr'>cnm</span> <span class='ocrx_word' id='word_1_270' title='bbox 429 3132 493 3170; x_wconf 81' lang='lat' dir='ltr'>voce</span> <span class='ocrx_word' id='word_1_271' title='bbox 511 3133 607 3170; x_wconf 90' lang='lat' dir='ltr'>manus</span> <span class='ocrx_word' id='word_1_272' title='bbox 625 3115 661 3169; x_wconf 88' lang='lat' dir='ltr'>ad</span> <span class='ocrx_word' id='word_1_273' title='bbox 679 3115 771 3168; x_wconf 89' lang='lat' dir='ltr'>sidera</span> <span class='ocrx_word' id='word_1_274' title='bbox 788 3112 892 3168; x_wconf 82' lang='lat' dir='ltr'>tendit:</span> 
     </span>
     <span class='ocr_line' id='line_1_41' title="bbox 160 3190 921 3263; baseline -0.008 -15"><span class='ocrx_word' id='word_1_275' title='bbox 160 3193 340 3263; x_wconf 83' lang='lat' dir='ltr'>Omnipotens</span> <span class='ocrx_word' id='word_1_276' title='bbox 357 3192 473 3261; x_wconf 76' lang='lat' dir='ltr'>genitor,</span> <span class='ocrx_word' id='word_1_277' title='bbox 491 3194 593 3248; x_wconf 88' lang='lat' dir='ltr'>tanton&#39;</span> <span class='ocrx_word' id='word_1_278' title='bbox 612 3209 657 3248; x_wconf 88' lang='lat' dir='ltr'>mc</span> <span class='ocrx_word' id='word_1_279' title='bbox 676 3192 789 3248; x_wconf 87' lang='lat' dir='ltr'>crimine</span> <span class='ocrx_word' id='word_1_280' title='bbox 807 3190 921 3259; x_wconf 82' lang='lat' dir='ltr'>dignum</span> 
     </span>
    </p>
   </div>
   <div class='ocr_carea' id='block_1_3' title="bbox 1089 149 1093 312">
    <p class='ocr_par' dir='ltr' id='par_1_21' title="bbox 1089 149 1093 312">
     <span class='ocr_line' id='line_1_42' title="bbox 1089 149 1092 220; baseline 0 0"><span class='ocrx_word' id='word_1_281' title='bbox 1089 149 1092 220; x_wconf 90' lang='lat' dir='ltr'>l</span> 
     </span>
     <span class='ocr_line' id='line_1_43' title="bbox 1091 241 1093 312; baseline 0 0"><span class='ocrx_word' id='word_1_282' title='bbox 1091 241 1093 312; x_wconf 89' lang='lat' dir='ltr'>l</span> 
     </span>
    </p>
   </div>
   <div class='ocr_carea' id='block_1_4' title="bbox 0 0 1128 3556">
    <p class='ocr_par' dir='ltr' id='par_1_22' title="bbox 0 0 1128 3556">
     <span class='ocr_line' id='line_1_44' title="bbox 0 0 1128 3556; baseline 0 0"><span class='ocrx_word' id='word_1_283' title='bbox 0 0 1128 3556; x_wconf 95' lang='lat' dir='ltr'> </span> 
     </span>
    </p>
   </div>
  </div>
 </body>
</html>
