2274 3554
414 143 600 192 AENEIDOe‘
620 144 689 196 LIB.
712 144 753 203 II.⁸
966 144 1011 192 119

155 222 249 288 Arma,
267 222 326 290 riri,
344 223 417 276 ferte
435 237 525 287 armo3
545 227 623 277 uocat
641 223 688 277 lux
706 223 804 278 ultima
823 226 914 280 victos.

154 297 339 368 Redditenae
358 299 473 363 Danaum
493 300 573 353 sinite
590 301 742 354 instaurata
760 302 877 370 revisam
965 297 966 302 ’

152 373 270 438 Proelia.
305 375 461 444 Numquam
480 393 573 430 omnes
592 377 672 430 hodie
690 379 838 432 moriemur
855 378 942 432 inulti.
977 392 1014 432 uio

191 451 263 504 Hinc
281 452 355 505 ferro
375 453 501 520 accingor
519 469 613 506 rursus
631 453 773 522 clipeoque
792 455 928 508 sinistram

155 528 329 591 insertabam
348 532 445 596 aptans
464 546 561 596 meque
580 533 660 582 extra
677 534 751 584 tecta
769 530 897 584 ferebam.

155 604 226 658 Ilcce
243 608 337 658 eutem
356 605 489 672 conplexa
507 605 591 674 pedes
610 607 638 658 in
656 607 748 660 limine
766 609 883 661 coniunx

157 680 306 748 Haerebat,
324 698 493 750 paruumque
512 683 583 747 patri
602 682 736 736 tondebat
755 683 858 738 Iulum:

154 759 184 812 Si
202 758 341 826 periturus
359 757 426 824 ubis,
446 761 475 811 et
491 775 541 810 nos
559 775 625 827 rape
643 759 671 812 in
689 760 781 813 omnia
798 765 888 814 tecum
898 781 904 824 ;
977 773 1014 814 mn

154 836 203 889 Sin
221 835 339 903 aliquam
357 838 490 903 expertus
509 835 624 903 sumptis
642 852 719 904 spem
737 837 814 904 ponis
831 836 860 890 in
877 837 967 903 armis,

159 911 237 966 Hanc
254 913 372 980 primum
392 915 484 966 tutare
504 910 621 964 domum.
659 912 709 966 Oui
727 929 826 981 parvus
847 912 931 978 lulus,

155 989 208 1044 Oui
226 994 306 1058 pater
324 991 354 1042 et
372 989 488 1042 coniunx
506 987 646 1056 quondam
663 991 713 1042 tua
731 989 806 1042 dicta
823 989 978 1058 relinquor?

191 1066 267 1119 Talia
285 1065 437 1119 uociferans
455 1064 561 1131 gemitu
578 1067 684 1118 tectum
701 1081 784 1119 omno
801 1065 934 1134 replebat,

155 1143 226 1198 Cum
245 1141 365 1196 subitum
384 1141 516 1208 dictuque
533 1141 622 1193 oritur
639 1141 762 1195 mirabile
781 1145 940 1196 monstrum,
977 1157 1014 1196 ooo

156 1219 282 1288 Namque
299 1235 396 1272 manus
413 1217 487 1270 inter
505 1221 727 1286 maestorumque
745 1235 794 1272 ora
811 1221 957 1286 parentum

158 1297 227 1350 Fece
243 1295 313 1350 levis
331 1312 436 1348 summo
455 1293 491 1347 de
510 1295 611 1348 vertice
631 1295 703 1348 visus
724 1295 777 1349 lnli

158 1373 285 1426 Fundere
303 1373 394 1426 lumen
413 1388 490 1440 apex,
509 1375 641 1440 tuomque
656 1373 769 1426 innoxia
787 1372 876 1426 mollis

158 1449 292 1503 Lambere
311 1449 419 1502 flamme
437 1464 527 1501 comas
546 1453 575 1502 et
592 1450 694 1506 circum
712 1453 836 1518 tempora
854 1449 934 1518 pasci.

158 1526 215 1579 Nos
233 1525 325 1594 pavidi
343 1525 483 1594 trepidare
502 1527 585 1594 metu,
596 1527 752 1596 crinemque
771 1526 932 1593 flagrantem
977 1539 1014 1578 ocu

158 1603 295 1656 Excutere
311 1606 343 1656 et
361 1603 470 1656 sanctos
488 1601 658 1668 restinguere
675 1603 796 1656 fontibus
814 1602 893 1670 ignis.

159 1681 199 1732 nt
217 1683 297 1748 pater
316 1677 451 1732 Anchises
469 1677 561 1730 oculos
578 1678 614 1730 ed
631 1679 724 1732 edera
741 1680 830 1733 laetus

159 1755 273 1822 Extulit,
291 1758 321 1808 et
338 1754 413 1808 coelo
431 1753 536 1820 palmas
554 1769 616 1808 cum
634 1772 699 1808 voce
718 1755 852 1810 tetendit:

160 1831 285 1900 luppiter
302 1831 482 1898 omnipotens,
501 1829 627 1897 precibus
646 1833 668 1884 si
687 1832 806 1886 flecteris
823 1832 894 1900 ullis,

160 1909 260 1976 Aspice
278 1924 342 1971 nom
362 1908 413 1960 hoe
431 1912 554 1971 tantum;
572 1911 609 1973 et,
627 1907 650 1960 ui
667 1908 772 1974 pietate
789 1925 934 1974 meremur,
979 1920 1015 1962 ⁶9⁰

159 1983 202 2036 lla
220 1983 320 2036 deinde
338 1984 475 2050 auxilium,
493 1987 580 2050 pater,
599 1986 683 2050 atque
702 1983 769 2036 haec
787 1984 876 2045 omina
893 1984 978 2038 firma

161 2060 214 2112 Vix
232 2059 356 2114 ecfatus
374 2064 435 2113 erat
453 2061 550 2124 senior,
570 2059 715 2126 subitoque
733 2059 842 2126 fragore

164 2137 286 2190 intonuit
303 2135 418 2202 lacrum,
437 2143 466 2190 et
484 2137 520 2190 de
538 2137 613 2190 caelo
630 2135 707 2204 lapsa
724 2151 775 2202 per
792 2134 903 2190 umbrae

159 2212 247 2265 Stella
264 2211 350 2265 secem
369 2213 471 2268 ducens
489 2213 575 2266 multa
592 2229 653 2266 cum
673 2211 732 2264 luce
750 2212 876 2282 cucurrit.

163 2289 250 2354 lllum,
269 2305 374 2344 summa
393 2307 475 2359 super
493 2289 631 2344 labentem
650 2288 766 2342 culmina
784 2289 858 2357 tecti,
979 2303 1016 2341 mu

160 2365 305 2420 Cernimus
325 2366 410 2422 Idaea
428 2368 529 2422 cleram
550 2365 714 2420 secondom
733 2365 800 2419 silue

161 2441 375 2512 signantemque
393 2445 465 2509 uias3
485 2449 545 2499 tum
564 2444 646 2511 longo
663 2442 751 2496 limite
771 2443 860 2496 sulcus

161 2518 217 2572 Dat
234 2519 330 2588 lucem,
349 2525 378 2576 et
396 2522 452 2576 late
470 2521 571 2575 circum
590 2521 648 2574 loca
667 2519 769 2573 sulfure
786 2521 900 2574 fumant

162 2596 215 2649 Hic
233 2613 297 2650 reno
316 2599 403 2652 victus
420 2601 529 2668 genitor
547 2615 576 2652 se
594 2597 666 2652 tollit
685 2596 720 2650 nd
738 2613 826 2663 aurae,

159 2672 337 2743 Adfaturque
355 2675 421 2730 deos
439 2681 468 2730 et
486 2679 608 2732 sanctum
623 2674 703 2738 ,sidus
721 2672 826 2727 adorat.
981 2684 1017 2725 να)

162 2749 220 2802 lam
233 2751 287 2803 iam
299 2751 373 2804 nulla
385 2770 460 2806 nroru
469 2758 526 2817 eat3
545 2767 652 2820 sequor,
663 2754 698 2816 et,
709 2766 764 2817 qua
773 2749 879 2816 ducitis,
888 2748 992 2802 adsum.

163 2825 198 2878 Di
216 2828 305 2894 patrii,
324 2833 432 2883 servate
451 2830 569 2894 domum,
588 2829 695 2880 servate
713 2829 849 2893 nepotem.

162 2901 293 2958 Vestrum
304 2905 355 2958 hoc
367 2907 518 2974 augurium,
530 2907 677 2970 vestroque
689 2904 716 2955 in
728 2901 839 2956 numine
852 2901 931 2952 Troia
943 2902 993 2966 est.

99 3039 102 3046 ,
161 2978 237 3034 Cedo
254 2981 391 3050 equidem,
409 2999 467 3049 nee,
485 2985 557 3047 nete,
576 2979 627 3035 tibi
644 2995 735 3035 comos
752 2978 793 3031 ire
811 2993 912 3030 recuso.

197 3055 313 3113 Dixerat
329 3058 390 3124 ille;
409 3062 438 3112 et
453 3059 509 3112 iam
526 3075 577 3126 per
594 3056 701 3110 moenie
718 3054 815 3108 clarior
832 3053 902 3121 ignis
982 3063 1019 3104 iot

164 3133 294 3201 Auditur,
311 3135 479 3203 propiusque
496 3139 589 3188 aestus
606 3131 731 3186 incendia
749 3129 868 3184 volvunt.

164 3207 237 3278 Ergo
253 3226 313 3279 ege,
329 3228 394 3266 care
411 3214 497 3279 pater,
513 3210 611 3270 cervici
630 3211 761 3277 inponere
778 3209 904 3270 nostram
