2234 3554
429 150 611 197 AENEIDOS
628 149 697 199 LIB.
717 149 768 197 VI.
973 147 1019 193 199

169 231 269 287 Omnia
285 247 434 301 poenarum
453 244 614 298 percurrere
632 228 741 280 nomina
759 227 868 297 possim.

206 309 282 362 Haec
299 308 347 360 ubi
366 307 439 359 dieta
457 305 534 358 dedit
554 304 657 357 Phoebi
676 305 808 372 longaeva
825 305 965 361 sacerdos:

170 385 225 438 Sed
237 385 292 437 iam
304 400 362 451 age,
376 399 455 450 carpe
469 383 539 434 viam
553 385 582 434 et
594 385 751 449 susceptum
765 382 866 448 perfice
878 399 991 446 munus;

170 461 374 524 Adceleremus,
393 459 445 524 ait;
471 457 618 526 Cyelopum
638 457 738 510 educta
756 459 868 510 caminis
984 472 1020 511 ssu

169 536 280 590 Moenia
297 535 432 604 conspicio
450 539 533 602 atque
551 533 666 586 adverso
686 535 789 588 fornice
808 539 909 603 portas,

171 613 248 666 Haec
266 612 313 666 ubi
331 629 380 665 nos
398 615 544 680 praecepta
562 610 658 664 iubent
678 610 815 679 deponere
833 611 912 664 dona.

170 689 292 756 Dixerat,
310 693 339 742 et
356 688 468 756 pariter,
487 686 575 754 gressi
593 704 643 755 per
661 705 744 756 opaea
762 689 874 754 viarum,

170 765 328 834 Corripiunt
347 765 465 832 spatium
483 763 614 832 medium,
634 764 793 834 foribusque
811 765 1003 834 propinquant.

170 841 293 910 Occupat
311 843 421 894 Aeneas
438 841 552 910 aditum,
571 857 725 910 corpusque
743 843 846 896 recenti
984 856 1020 894 urs

170 917 281 987 Spargit
299 934 378 986 aqua,
396 933 558 985 ramumque
577 917 691 970 adverso
710 920 737 970 in
756 919 848 971 limine
866 917 933 985 figit.

206 994 257 1046 His
276 993 385 1047 demum
405 994 514 1059 exactio,
532 993 655 1061 perfecto
673 1010 785 1048 munere
803 995 890 1060 diuae,

170 1070 313 1124 Devenere
331 1070 405 1122 locos
423 1070 509 1122 laetos
529 1075 558 1123 et
576 1086 690 1123 amoena
708 1071 809 1124 virecta

171 1146 383 1214 Fortunatorum
400 1163 541 1199 nemorum
561 1145 696 1214 sedesque
715 1146 817 1199 beatas.

170 1222 285 1291 Largior
302 1223 346 1274 hie
364 1239 473 1291 campos
491 1223 588 1275 aether
607 1227 635 1275 et
654 1222 755 1276 lumine
772 1223 855 1276 vestit
984 1237 1020 1275 suo

171 1299 318 1368 Purpureo,
338 1300 476 1367 solemque
495 1315 581 1365 sunm,
601 1316 649 1352 sua
668 1300 759 1352 sidera
776 1303 883 1352 norunt.

172 1376 239 1429 Pars
256 1377 283 1429 in
301 1377 448 1444 granrineis
466 1379 596 1428 exercent
617 1375 740 1428 membra
757 1375 908 1444 palaestris,

171 1452 346 1506 Contendunt
364 1452 429 1506 ludo
448 1457 477 1506 et
495 1453 574 1504 fulva,
589 1452 728 1504 luctantur
745 1469 842 1518 arena3

172 1526 239 1582 l’ars
256 1529 372 1597 pedibus
389 1529 523 1598 plaudunt
542 1528 654 1582 choreas
673 1532 701 1582 et
719 1529 838 1582 earmina
856 1527 958 1581 dieunt.

170 1605 229 1658 Nee
247 1623 301 1658 non
319 1606 459 1659 Threicius
477 1606 558 1673 longa
575 1621 636 1658 eum
655 1609 731 1658 v'este
750 1605 876 1658 sacerdos
984 1619 1019 1658 ers

171 1681 338 1750 Obloquitur
355 1683 475 1734 numeris
495 1687 600 1750 septem
622 1682 777 1735 discrimina
795 1698 897 1748 uocum,

171 1757 286 1826 Iamque
304 1758 400 1810 eadem
420 1757 522 1827 digitis,
531 1758 584 1810 iam
604 1759 711 1826 pectine
729 1759 820 1827 pulsat
838 1757 948 1810 eburno.

172 1833 225 1887 Hie
242 1849 328 1900 genus
346 1835 489 1901 antiquum
509 1833 612 1900 Teucri,
631 1835 813 1901 pulcherrima
831 1833 928 1901 proles,

170 1908 337 1975 Magnanimi
355 1909 459 1973 heroes,
478 1909 534 1960 nati
552 1909 709 1962 melioribus
727 1910 811 1975 annis,

172 1983 284 2051 llusque
303 1985 509 2050 Assaracusque
529 1986 557 2036 et
576 1985 671 2036 Troiae
691 1984 836 2036 Dardanus
854 1987 954 2038 auctor.
983 1999 1019 2038 utu

172 2060 258 2110 Arma
276 2058 369 2126 procul
388 2073 538 2124 currusque
556 2059 644 2110 virum
663 2059 779 2112 miratur
796 2060 890 2112 inanis.
920 2093 925 2099 -

171 2134 253 2188 Stant
270 2139 346 2188 terra
363 2133 470 2187 delixae
488 2134 590 2202 hastae,
608 2135 765 2204 passimque
783 2136 864 2188 soluti

172 2211 226 2264 Per
243 2227 367 2280 eampum
383 2213 535 2279 ,pascuntur
554 2212 624 2280 equi.
664 2211 740 2276 Quae
757 2212 846 2279 gratia
863 2227 990 2264 curruum

170 2289 375 2356 Armorumque
392 2287 447 2340 fuit
464 2287 539 2356 vivis,
559 2306 628 2357 quas
647 2307 712 2343 cura
729 2289 843 2342 nitentis

171 2365 286 2418 Pascerc
304 2381 396 2432 equos,
416 2365 512 2419 eadem
533 2367 657 2434 sequitur
675 2367 774 2420 tellure
792 2368 923 2434 repostos.
983 2379 1019 2418 uua

171 2441 314 2510 Conspicit,
334 2459 402 2506 ecee,
421 2443 487 2496 alios
507 2442 606 2496 dextra
624 2443 755 2513 laevaque
773 2460 823 2513 per
840 2442 952 2496 herbam

169 2517 313 2571 Veseeutis
331 2519 488 2588 laetumque
506 2519 588 2573 choro
611 2521 718 2574 Paeana
736 2521 857 2575 canentis

171 2594 249 2648 inter
266 2595 410 2650 odoratum
428 2598 498 2650 lauri
518 2615 621 2665 nemus,
641 2597 714 2651 unde
733 2613 848 2666 superne

170 2669 307 2724 Plurimus
327 2673 439 2727 Eridani
457 2692 507 2743 per
528 2675 621 2728 silvam
640 2675 758 2728 volvitur
775 2673 869 2728 amnis.

169 2745 224 2800 Hie
241 2765 337 2802 manus
355 2750 390 2804 ob
407 2752 524 2820 patriam
542 2752 688 2820 pugnando
706 2751 815 2804 uolnera
831 2749 911 2819 passi,
983 2761 1020 2800 cos

169 2823 277 2891 Quique
296 2828 450 2881 secerdotes
470 2830 545 2896 casti,
565 2829 629 2881 dum
649 2829 706 2882 vita
723 2827 859 2891 manebat,

169 2899 275 2970 Quique
292 2904 330 2971 pii
347 2908 425 2958 vates
443 2909 472 2959 et
491 2905 600 2959 Phoebo
619 2906 702 2973 digna
720 2903 811 2968 locuti,

168 2977 299 3032 Inventas
317 2984 366 3034 aut
385 2983 432 3050 qui
451 2983 535 3036 vitam
555 2982 697 3036 excoluere
715 2998 766 3051 per
783 2980 858 3048 artis,

168 3055 275 3125 Quique
294 3057 335 3110 sni
353 3075 487 3114 memores
505 3060 571 3114 alios
590 3060 680 3114 fecere
699 3057 843 3122 mereud03

168 3131 299 3187 Omnibus
317 3135 360 3189 his
379 3137 458 3190 nivea
475 3137 622 3206 cinguntur
640 3140 766 3204 tempora
785 3134 862 3190 vitta.
984 3149 1021 3188 eus

168 3207 241 3274 Ques
258 3211 434 3268 circumfusos
452 3213 491 3268 sie
509 3217 551 3268 est
570 3214 664 3267 adfata
683 3211 794 3280 Sibylla,
