2234 3554
336 117 338 121 ι
408 157 485 204 AEN
487 157 591 206 EIDOS
608 157 678 208 LIB.
697 157 731 206 V.
947 160 992 208 m

146 235 293 291 Abduxere
310 241 386 291 retro
403 237 485 305 longe
503 238 594 306 eapite
611 238 698 292 ardua
714 237 750 292 ab
767 237 829 302 ictu,

143 312 346 381 lnmiscoutquo
364 330 460 367 manus
479 315 611 380 manibus,
630 331 805 384 pugnamque
821 315 964 370 lacessunt.

143 388 194 443 llle
211 389 314 458 pedum
332 389 428 444 melior
445 393 533 458 motu,
548 390 690 458 fretusque
708 391 825 458 iuventa,
957 407 994 446 see

143 465 195 519 Hic
213 465 342 518 membris
360 469 390 519 et
407 467 478 520 melo
496 467 604 533 valens;
623 466 673 520 eed
690 467 771 520 tarda
788 470 917 522 trementi

141 543 236 598 (lenna
253 541 356 608 labant,
374 545 465 596 vastos
484 543 575 610 quiebit
592 559 675 612 aeger
693 543 827 597 anhelitus
845 547 928 598 artus.

141 618 231 672 Multo
248 617 300 671 viri
318 619 482 686 nequiquam
500 619 574 672 inter
592 636 622 674 se
640 620 750 674 volnera
767 620 878 687 iactam,

141 693 230 748 Multa
247 711 313 748 cavo
331 693 412 748 lateri
429 695 599 763 ingeminant
617 700 647 750 et
664 699 777 765 pectore
794 701 886 750 vastos

141 768 214 824 Dant
233 770 344 834 sonitus,
365 778 493 840 erratque
512 772 584 825 auris
604 775 633 826 et
651 776 777 840 tempora
793 773 893 826 circum
958 787 994 826 ee

141 847 244 904 Crebra
262 863 364 909 manus
383 846 453 900 duro
472 849 608 916 crepitant
626 849 677 902 sub
695 848 804 903 voluere
822 850 915 904 malae.

140 925 203 978 Stat
219 923 311 992 gravis
330 923 455 977 Entellus
472 925 588 992 nisuque
605 925 724 978 inmotus
742 925 845 992 mdem,

141 1001 260 1070 Corpore
278 999 334 1054 tela
352 999 433 1053 mede
452 1003 535 1068 atque
553 1001 637 1054 oculis
657 1000 830 1068 uigilantibus
848 1002 913 1070 exit.

145 1077 199 1145 lile,
218 1076 293 1130 velut
311 1075 410 1130 celsam
429 1081 569 1146 oppugnat
587 1077 633 1144 qui
651 1075 768 1130 molibus
784 1077 888 1144 urbem,

144 1156 200 1206 lut
218 1157 349 1206 montana
367 1153 446 1208 sedet
464 1153 564 1206 circmn
583 1153 696 1206 castella
713 1152 764 1205 sub
782 1154 873 1221 armis,
957 1168 993 1207 eae

144 1230 294 1298 Euechos,
313 1247 384 1284 nunc
401 1230 462 1284 illos
480 1229 578 1296 aditus,
596 1245 759 1296 omnemque
777 1234 901 1297 pererret

144 1309 212 1361 Arte
230 1308 325 1372 locum,
343 1309 373 1360 et
390 1306 472 1360 variis
489 1305 644 1360 adsultibus
662 1305 761 1358 inritus
778 1309 885 1374 urguet.

141 1382 271 1438 Ostendit
289 1383 415 1437 dextram
434 1383 576 1450 insurgens
595 1381 719 1435 Entellus
738 1385 768 1436 et
785 1381 841 1436 alte

142 1454 260 1514 Extulit:
278 1459 325 1516 ille
342 1460 426 1512 ictum
445 1460 596 1512 venientem
616 1475 632 1512 a
650 1459 752 1518 vertice
769 1458 848 1518 velox

143 1536 290 1603 l‘raevidit,
309 1536 445 1603 celerique
463 1536 571 1604 elapsus
589 1552 702 1604 corpore
720 1535 817 1590 cessit:
956 1549 992 1588 sao

142 1612 265 1666 Entellus
283 1612 349 1666 viris
366 1612 394 1666 in
413 1616 523 1666 ventum
542 1613 646 1678 effudit,
666 1616 695 1666 et
712 1611 785 1665 ultro

75 1695 79 1702 '
142 1689 204 1757 lpse
221 1689 312 1758 gravis
329 1690 506 1757 graviterque
524 1689 560 1742 ad
577 1693 681 1742 terram
698 1687 820 1757 pondere
839 1691 915 1742 vasto

140 1766 278 1820 Concidit:
297 1769 328 1819 ut
346 1765 482 1834 quondam
501 1782 567 1818 cava
584 1766 703 1819 concidit
720 1769 769 1818 aut
788 1763 962 1833 Erymantho,

142 1845 199 1896 Aut
219 1842 270 1895 Ida
287 1842 315 1894 in
333 1858 438 1908 magna,
456 1841 594 1894 radicibus
612 1845 691 1894 eruta
709 1842 794 1908 pinus.

136 1919 314 1985 consurgunt
332 1917 431 1969 studiis
450 1916 545 1968 Teucri
564 1919 593 1968 ct
612 1916 750 1969 Trinacria
768 1915 867 1984 pubes;
956 1930 992 1970 45⁰

144 1995 169 2048 lt
187 1995 288 2047 clamor
306 1991 387 2057 caele,
405 1992 565 2059 primusque
583 1991 700 2044 accurrit
720 1993 843 2058 Acestes,

141 2071 375 2137 Aequaevumque
392 2066 428 2120 ab
446 2066 528 2118 hunno
546 2067 677 2120 miserans
695 2066 798 2119 attollit
815 2067 938 2121 amicum.
977 2114 981 2122 .

143 2148 180 2198 At
198 2161 255 2197 non
270 2142 397 2196 tardatus
415 2158 480 2200 casu
497 2150 586 2210 neque
602 2143 717 2196 territus
735 2141 815 2196 heros

141 2221 238 2274 Acrior
256 2219 292 2273 ad
310 2235 429 2288 pugnam
447 2218 528 2285 redit,
547 2235 578 2272 ac
596 2220 651 2272 vim
669 2218 783 2272 exuscitet
800 2219 847 2272 ira

139 2298 208 2350 Tum
225 2297 314 2367 pudor
331 2295 452 2349 incendit
471 2295 535 2349 viris
553 2301 582 2350 et
600 2295 707 2349 conscia
724 2295 817 2362 virtus,
955 2310 991 2349 4⁵5

139 2373 376 2443 Praecipitemque
396 2372 487 2426 Daren
506 2372 605 2426 ardens
624 2372 682 2440 egit
700 2388 817 2440 aequore
836 2376 901 2436 toto,

138 2450 218 2504 Nunc
235 2449 334 2504 dextra
351 2450 520 2518 ingeminans
538 2449 615 2517 ictus,
634 2466 704 2502 nune
722 2449 767 2503 illc
785 2450 907 2514 sinistre;

138 2526 197 2580 Nec
215 2543 297 2592 mora,
316 2544 366 2580 nec
384 2527 506 2596 requies:
525 2543 606 2594 quam
626 2526 713 2579 inulta
730 2527 864 2594 grandine
881 2529 967 2583 nimbi

137 2602 308 2657 Culminibus
326 2604 469 2672 crepitant,
488 2603 527 2656 sic
545 2603 636 2656 densis
654 2603 754 2656 ictibus
772 2602 852 2657 heros

139 2679 242 2734 Creber
259 2683 377 2748 utraque
395 2697 477 2732 nranu
494 2679 586 2748 pulsat
605 2683 751 2748 versatque
770 2679 879 2734 Dareta
954 2693 990 2733 eeu

138 2755 207 2809 Tum
225 2760 305 2824 pater
323 2759 431 2809 Aeneas
449 2756 599 2824 precedere
617 2756 722 2823 longius
740 2757 795 2809 ires

138 2830 175 2886 Et
193 2833 297 2886 saevire
315 2832 412 2884 animis
432 2833 569 2886 Entellum
588 2833 662 2886 haud
680 2849 775 2900 passus
793 2832 911 2896 acerbis3

138 2908 194 2963 Sed
212 2910 294 2962 finem
313 2908 432 2976 inposuit
450 2926 564 2978 pugnae,
582 2909 738 2975 sessumque
757 2907 860 2960 Dareta

137 2984 253 3056 Eripuit,
273 2984 394 3038 mulcens
412 2985 500 3052 dictis,
518 3002 550 3038 ac
568 2985 635 3038 talia
652 2985 739 3038 fatur:

137 3062 245 3129 Infelix,
265 3078 335 3131 quae
352 3065 432 3116 tanta
449 3062 568 3116 animum
587 3060 726 3114 dementia
743 3058 833 3127 copiti
953 3072 989 3112 n

137 3139 199 3192 Non
218 3139 283 3194 viria
301 3139 368 3193 alias
385 3155 567 3207 conversaque
586 3138 697 3190 numina
715 3136 816 3190 sentisl

138 3215 212 3270 Cede
230 3217 288 3269 deo.
327 3215 458 3285 Dixitque
476 3219 505 3268 et
523 3214 626 3283 proelia
643 3230 708 3268 voco
726 3212 845 3267 diremit.

217 3289 247 3335 14
720 3287 723 3295 “
