<?xml version="1.0" encoding="UTF-8"?>
<!DOCTYPE html PUBLIC "-//W3C//DTD XHTML 1.0 Transitional//EN"
    "http://www.w3.org/TR/xhtml1/DTD/xhtml1-transitional.dtd">
<html xmlns="http://www.w3.org/1999/xhtml" xml:lang="en" lang="en">
 <head>
  <title>
</title>
<meta http-equiv="Content-Type" content="text/html;charset=utf-8" />
  <meta name='ocr-system' content='tesseract 3.04.00' />
  <meta name='ocr-capabilities' content='ocr_page ocr_carea ocr_par ocr_line ocrx_word'/>
</head>
<body>
  <div class='ocr_page' id='page_1' title='image "./operaexrecensio02virggoog_0043.png"; bbox 0 0 2242 3550; ppageno 0'>
   <div class='ocr_carea' id='block_1_1' title="bbox 384 134 981 186">
    <p class='ocr_par' dir='ltr' id='par_1_1' title="bbox 384 134 981 186">
     <span class='ocr_line' id='line_1_1' title="bbox 384 134 981 186; baseline 0.003 -6"><span class='ocrx_word' id='word_1_1' title='bbox 384 134 589 184; x_wconf 81' lang='lat' dir='ltr'>GEORGICON</span> <span class='ocrx_word' id='word_1_2' title='bbox 608 137 676 186; x_wconf 90' lang='lat' dir='ltr'>LIB.</span> <span class='ocrx_word' id='word_1_3' title='bbox 697 137 719 186; x_wconf 92' lang='grc' dir='ltr'>Ι.</span> <span class='ocrx_word' id='word_1_4' title='bbox 952 135 981 182; x_wconf 89' lang='grc'>31</span> 
     </span>
    </p>
   </div>
   <div class='ocr_carea' id='block_1_2' title="bbox 123 212 984 361">
    <p class='ocr_par' dir='ltr' id='par_1_2' title="bbox 123 212 984 361">
     <span class='ocr_line' id='line_1_2' title="bbox 123 212 768 270; baseline 0 0"><span class='ocrx_word' id='word_1_5' title='bbox 123 215 179 270; x_wconf 81' lang='lat' dir='ltr'>Fas</span> <span class='ocrx_word' id='word_1_6' title='bbox 197 217 226 268; x_wconf 92' lang='lat' dir='ltr'>et</span> <span class='ocrx_word' id='word_1_7' title='bbox 244 214 304 267; x_wconf 85' lang='lat' dir='ltr'>iura</span> <span class='ocrx_word' id='word_1_8' title='bbox 321 212 428 268; x_wconf 84' lang='lat' dir='ltr'>sinunt:</span> <span class='ocrx_word' id='word_1_9' title='bbox 448 214 520 268; x_wconf 83' lang='lat' dir='ltr'>rivos</span> <span class='ocrx_word' id='word_1_10' title='bbox 538 215 676 270; x_wconf 82' lang='lat' dir='ltr'>deducere</span> <span class='ocrx_word' id='word_1_11' title='bbox 693 216 768 270; x_wconf 87' lang='lat' dir='ltr'>nulla</span> 
     </span>
     <span class='ocr_line' id='line_1_3' title="bbox 123 290 984 361; baseline 0.001 -16"><span class='ocrx_word' id='word_1_12' title='bbox 123 291 229 358; x_wconf 82' lang='lat' dir='ltr'>Religio</span> <span class='ocrx_word' id='word_1_13' title='bbox 248 290 345 358; x_wconf 85' lang='lat' dir='ltr'>vetuit,</span> <span class='ocrx_word' id='word_1_14' title='bbox 363 291 450 358; x_wconf 82' lang='lat' dir='ltr'>segeti</span> <span class='ocrx_word' id='word_1_15' title='bbox 468 292 651 359; x_wconf 82' lang='lat' dir='ltr'>praetendere</span> <span class='ocrx_word' id='word_1_16' title='bbox 669 309 787 361; x_wconf 77' lang='lat' dir='ltr'>saepem,</span> <span class='ocrx_word' id='word_1_17' title='bbox 948 306 984 347; x_wconf 74' lang='lat' dir='ltr'>aro</span> 
     </span>
    </p>
   </div>
   <div class='ocr_carea' id='block_1_3' title="bbox 120 366 983 3116">
    <p class='ocr_par' dir='ltr' id='par_1_3' title="bbox 120 366 983 743">
     <span class='ocr_line' id='line_1_4' title="bbox 122 366 759 440; baseline 0.003 -20"><span class='ocrx_word' id='word_1_18' title='bbox 122 366 240 421; x_wconf 86' lang='lat' dir='ltr'>Insidias</span> <span class='ocrx_word' id='word_1_19' title='bbox 259 367 355 420; x_wconf 83' lang='lat' dir='ltr'>avibus</span> <span class='ocrx_word' id='word_1_20' title='bbox 373 367 469 434; x_wconf 90' lang='lat' dir='ltr'>moliri,</span> <span class='ocrx_word' id='word_1_21' title='bbox 487 368 635 422; x_wconf 85' lang='lat' dir='ltr'>incendere</span> <span class='ocrx_word' id='word_1_22' title='bbox 653 385 759 440; x_wconf 84' lang='lat' dir='ltr'>vepres,</span> 
     </span>
     <span class='ocr_line' id='line_1_5' title="bbox 120 444 827 512; baseline 0.001 -14"><span class='ocrx_word' id='word_1_23' title='bbox 120 444 326 512; x_wconf 77' lang='lat' dir='ltr'>Balantumque</span> <span class='ocrx_word' id='word_1_24' title='bbox 344 459 456 511; x_wconf 78' lang='lat' dir='ltr'>gregem</span> <span class='ocrx_word' id='word_1_25' title='bbox 475 445 556 498; x_wconf 85' lang='lat' dir='ltr'>fluvio</span> <span class='ocrx_word' id='word_1_26' title='bbox 576 462 695 498; x_wconf 63' lang='lat' dir='ltr'>merser„¹</span> <span class='ocrx_word' id='word_1_27' title='bbox 716 445 827 500; x_wconf 70' lang='lat' dir='ltr'>salubri.</span> 
     </span>
     <span class='ocr_line' id='line_1_6' title="bbox 120 520 722 590; baseline -0.002 -15"><span class='ocrx_word' id='word_1_28' title='bbox 120 523 211 590; x_wconf 82' lang='lat' dir='ltr'>Saepe</span> <span class='ocrx_word' id='word_1_29' title='bbox 230 520 290 574; x_wconf 90' lang='lat' dir='ltr'>oleo</span> <span class='ocrx_word' id='word_1_30' title='bbox 309 520 383 574; x_wconf 88' lang='lat' dir='ltr'>tardi</span> <span class='ocrx_word' id='word_1_31' title='bbox 401 527 491 574; x_wconf 84' lang='lat' dir='ltr'>costas</span> <span class='ocrx_word' id='word_1_32' title='bbox 509 523 628 589; x_wconf 85' lang='lat' dir='ltr'>agitator</span> <span class='ocrx_word' id='word_1_33' title='bbox 646 521 722 575; x_wconf 87' lang='lat' dir='ltr'>aselli</span> 
     </span>
     <span class='ocr_line' id='line_1_7' title="bbox 122 598 880 666; baseline -0.003 -15"><span class='ocrx_word' id='word_1_34' title='bbox 122 598 230 653; x_wconf 90' lang='lat' dir='ltr'>Vilibus</span> <span class='ocrx_word' id='word_1_35' title='bbox 250 603 298 652; x_wconf 92' lang='lat' dir='ltr'>aut</span> <span class='ocrx_word' id='word_1_36' title='bbox 317 601 414 652; x_wconf 89' lang='lat' dir='ltr'>onerat</span> <span class='ocrx_word' id='word_1_37' title='bbox 432 599 527 666; x_wconf 83' lang='lat' dir='ltr'>pomis,</span> <span class='ocrx_word' id='word_1_38' title='bbox 545 598 720 666; x_wconf 82' lang='lat' dir='ltr'>lapidemque</span> <span class='ocrx_word' id='word_1_39' title='bbox 738 601 880 652; x_wconf 87' lang='lat' dir='ltr'>revertens</span> 
     </span>
     <span class='ocr_line' id='line_1_8' title="bbox 121 674 983 743; baseline -0.006 -12"><span class='ocrx_word' id='word_1_40' title='bbox 121 678 252 730; x_wconf 82' lang='lat' dir='ltr'>Incusum</span> <span class='ocrx_word' id='word_1_41' title='bbox 272 679 320 728; x_wconf 86' lang='lat' dir='ltr'>aut</span> <span class='ocrx_word' id='word_1_42' title='bbox 338 680 415 727; x_wconf 85' lang='lat' dir='ltr'>atrae</span> <span class='ocrx_word' id='word_1_43' title='bbox 433 691 548 727; x_wconf 86' lang='lat' dir='ltr'>massam</span> <span class='ocrx_word' id='word_1_44' title='bbox 568 675 634 743; x_wconf 80' lang='lat' dir='ltr'>picis</span> <span class='ocrx_word' id='word_1_45' title='bbox 652 674 720 728; x_wconf 89' lang='lat' dir='ltr'>urbe</span> <span class='ocrx_word' id='word_1_46' title='bbox 738 677 869 742; x_wconf 87' lang='lat' dir='ltr'>reportat.</span> <span class='ocrx_word' id='word_1_47' title='bbox 946 688 983 728; x_wconf 76' lang='lat' dir='ltr'>rra</span> 
     </span>
    </p>

    <p class='ocr_par' dir='ltr' id='par_1_4' title="bbox 121 750 981 1585">
     <span class='ocr_line' id='line_1_9' title="bbox 158 750 804 820; baseline -0.002 -15"><span class='ocrx_word' id='word_1_48' title='bbox 158 753 223 820; x_wconf 87' lang='lat' dir='ltr'>lpsa</span> <span class='ocrx_word' id='word_1_49' title='bbox 241 751 301 804; x_wconf 89' lang='lat' dir='ltr'>dies</span> <span class='ocrx_word' id='word_1_50' title='bbox 320 750 387 803; x_wconf 91' lang='lat' dir='ltr'>alios</span> <span class='ocrx_word' id='word_1_51' title='bbox 405 751 457 802; x_wconf 86' lang='lat' dir='ltr'>alio</span> <span class='ocrx_word' id='word_1_52' title='bbox 476 751 555 804; x_wconf 90' lang='lat' dir='ltr'>dedit</span> <span class='ocrx_word' id='word_1_53' title='bbox 573 751 668 804; x_wconf 88' lang='lat' dir='ltr'>ordine</span> <span class='ocrx_word' id='word_1_54' title='bbox 688 751 763 804; x_wconf 88' lang='lat' dir='ltr'>Luna</span> <span class='ocrx_word' id='word_1_55' title='bbox 803 752 804 756; x_wconf 71' lang='grc'>’</span> 
     </span>
     <span class='ocr_line' id='line_1_10' title="bbox 122 826 869 896; baseline -0.004 -15"><span class='ocrx_word' id='word_1_56' title='bbox 122 828 222 881; x_wconf 85' lang='lat' dir='ltr'>Felicis</span> <span class='ocrx_word' id='word_1_57' title='bbox 240 843 362 896; x_wconf 89' lang='lat' dir='ltr'>operum.</span> <span class='ocrx_word' id='word_1_58' title='bbox 402 826 529 890; x_wconf 84' lang='lat' dir='ltr'>Quintam</span> <span class='ocrx_word' id='word_1_59' title='bbox 550 828 628 895; x_wconf 83' lang='lat' dir='ltr'>fuge:</span> <span class='ocrx_word' id='word_1_60' title='bbox 647 827 764 895; x_wconf 88' lang='lat' dir='ltr'>pallidus</span> <span class='ocrx_word' id='word_1_61' title='bbox 783 826 869 879; x_wconf 86' lang='lat' dir='ltr'>Orcus</span> 
     </span>
     <span class='ocr_line' id='line_1_11' title="bbox 122 903 872 972; baseline -0.008 -14"><span class='ocrx_word' id='word_1_62' title='bbox 122 904 343 972; x_wconf 78' lang='lat' dir='ltr'>Eumenidesque</span> <span class='ocrx_word' id='word_1_63' title='bbox 362 904 454 969; x_wconf 84' lang='lat' dir='ltr'>satae;</span> <span class='ocrx_word' id='word_1_64' title='bbox 474 907 534 956; x_wconf 88' lang='lat' dir='ltr'>tum</span> <span class='ocrx_word' id='word_1_65' title='bbox 552 908 634 972; x_wconf 91' lang='lat' dir='ltr'>partu</span> <span class='ocrx_word' id='word_1_66' title='bbox 653 904 737 958; x_wconf 83' lang='lat' dir='ltr'>Terra</span> <span class='ocrx_word' id='word_1_67' title='bbox 755 903 872 956; x_wconf 81' lang='lat' dir='ltr'>nefando</span> 
     </span>
     <span class='ocr_line' id='line_1_12' title="bbox 121 978 919 1048; baseline -0.005 -15"><span class='ocrx_word' id='word_1_68' title='bbox 121 981 279 1048; x_wconf 83' lang='lat' dir='ltr'>Coeumque</span> <span class='ocrx_word' id='word_1_69' title='bbox 299 981 482 1048; x_wconf 80' lang='lat' dir='ltr'>Iapetumque</span> <span class='ocrx_word' id='word_1_70' title='bbox 500 985 583 1048; x_wconf 83' lang='lat' dir='ltr'>creat,</span> <span class='ocrx_word' id='word_1_71' title='bbox 602 997 767 1048; x_wconf 87' lang='lat' dir='ltr'>saevumque</span> <span class='ocrx_word' id='word_1_72' title='bbox 786 978 919 1047; x_wconf 78' lang='lat' dir='ltr'>Typhoea,</span> 
     </span>
     <span class='ocr_line' id='line_1_13' title="bbox 124 1056 981 1110; baseline -0.004 -1"><span class='ocrx_word' id='word_1_73' title='bbox 124 1057 159 1110; x_wconf 81' lang='lat' dir='ltr'>lit</span> <span class='ocrx_word' id='word_1_74' title='bbox 178 1057 332 1110; x_wconf 83' lang='lat' dir='ltr'>coniuratos</span> <span class='ocrx_word' id='word_1_75' title='bbox 351 1056 455 1109; x_wconf 91' lang='lat' dir='ltr'>caelum</span> <span class='ocrx_word' id='word_1_76' title='bbox 474 1057 628 1110; x_wconf 85' lang='lat' dir='ltr'>rescindere</span> <span class='ocrx_word' id='word_1_77' title='bbox 647 1057 753 1110; x_wconf 87' lang='lat' dir='ltr'>fratres.</span> <span class='ocrx_word' id='word_1_78' title='bbox 943 1069 981 1106; x_wconf 79' lang='lat' dir='ltr'>aso</span> 
     </span>
     <span class='ocr_line' id='line_1_14' title="bbox 122 1133 726 1200; baseline -0.003 -14"><span class='ocrx_word' id='word_1_79' title='bbox 122 1134 176 1186; x_wconf 72' lang='lat' dir='ltr'>&#39;l‘er</span> <span class='ocrx_word' id='word_1_80' title='bbox 194 1138 257 1188; x_wconf 87' lang='lat' dir='ltr'>suut</span> <span class='ocrx_word' id='word_1_81' title='bbox 275 1133 364 1186; x_wconf 87' lang='lat' dir='ltr'>conati</span> <span class='ocrx_word' id='word_1_82' title='bbox 382 1133 513 1200; x_wconf 87' lang='lat' dir='ltr'>inponere</span> <span class='ocrx_word' id='word_1_83' title='bbox 533 1133 609 1186; x_wconf 90' lang='lat' dir='ltr'>Pelio</span> <span class='ocrx_word' id='word_1_84' title='bbox 629 1133 726 1185; x_wconf 83' lang='lat' dir='ltr'>Ossam</span> 
     </span>
     <span class='ocr_line' id='line_1_15' title="bbox 122 1206 954 1277; baseline -0.007 -13"><span class='ocrx_word' id='word_1_85' title='bbox 122 1211 236 1275; x_wconf 85' lang='lat' dir='ltr'>Scilicet,</span> <span class='ocrx_word' id='word_1_86' title='bbox 255 1213 339 1277; x_wconf 90' lang='lat' dir='ltr'>atque</span> <span class='ocrx_word' id='word_1_87' title='bbox 359 1210 444 1262; x_wconf 79' lang='lat' dir='ltr'>Ossae</span> <span class='ocrx_word' id='word_1_88' title='bbox 462 1209 621 1262; x_wconf 88' lang='lat' dir='ltr'>frondosum</span> <span class='ocrx_word' id='word_1_89' title='bbox 638 1208 776 1262; x_wconf 86' lang='lat' dir='ltr'>involvere</span> <span class='ocrx_word' id='word_1_90' title='bbox 795 1206 954 1275; x_wconf 65' lang='lat' dir='ltr'>Olympum</span> 
     </span>
     <span class='ocr_line' id='line_1_16' title="bbox 121 1285 833 1340; baseline -0.006 0"><span class='ocrx_word' id='word_1_91' title='bbox 121 1287 176 1340; x_wconf 81' lang='lat' dir='ltr'>Ter</span> <span class='ocrx_word' id='word_1_92' title='bbox 195 1285 279 1340; x_wconf 88' lang='lat' dir='ltr'>Pater</span> <span class='ocrx_word' id='word_1_93' title='bbox 297 1289 453 1338; x_wconf 86' lang='lat' dir='ltr'>exstructos</span> <span class='ocrx_word' id='word_1_94' title='bbox 471 1285 577 1339; x_wconf 90' lang='lat' dir='ltr'>disiecit</span> <span class='ocrx_word' id='word_1_95' title='bbox 595 1286 708 1338; x_wconf 82' lang='lat' dir='ltr'>fulmine</span> <span class='ocrx_word' id='word_1_96' title='bbox 726 1285 833 1338; x_wconf 88' lang='lat' dir='ltr'>montis.</span> 
     </span>
     <span class='ocr_line' id='line_1_17' title="bbox 122 1362 858 1431; baseline -0.003 -15"><span class='ocrx_word' id='word_1_97' title='bbox 122 1363 255 1431; x_wconf 82' lang='lat' dir='ltr'>Septuma</span> <span class='ocrx_word' id='word_1_98' title='bbox 273 1365 335 1430; x_wconf 91' lang='lat' dir='ltr'>post</span> <span class='ocrx_word' id='word_1_99' title='bbox 354 1362 495 1414; x_wconf 88' lang='lat' dir='ltr'>decumam</span> <span class='ocrx_word' id='word_1_100' title='bbox 515 1362 579 1415; x_wconf 84' lang='lat' dir='ltr'>felix</span> <span class='ocrx_word' id='word_1_101' title='bbox 599 1367 628 1415; x_wconf 90' lang='lat' dir='ltr'>et</span> <span class='ocrx_word' id='word_1_102' title='bbox 647 1379 749 1431; x_wconf 91' lang='lat' dir='ltr'>ponere</span> <span class='ocrx_word' id='word_1_103' title='bbox 767 1362 858 1425; x_wconf 85' lang='lat' dir='ltr'>vitem,</span> 
     </span>
     <span class='ocr_line' id='line_1_18' title="bbox 123 1438 978 1508; baseline -0.005 -16"><span class='ocrx_word' id='word_1_104' title='bbox 123 1440 160 1492; x_wconf 75' lang='lat' dir='ltr'>Et</span> <span class='ocrx_word' id='word_1_105' title='bbox 178 1455 290 1508; x_wconf 84' lang='lat' dir='ltr'>prensos</span> <span class='ocrx_word' id='word_1_106' title='bbox 309 1439 443 1491; x_wconf 91' lang='lat' dir='ltr'>domitare</span> <span class='ocrx_word' id='word_1_107' title='bbox 461 1438 552 1507; x_wconf 87' lang='lat' dir='ltr'>boves,</span> <span class='ocrx_word' id='word_1_108' title='bbox 570 1443 599 1493; x_wconf 89' lang='lat' dir='ltr'>et</span> <span class='ocrx_word' id='word_1_109' title='bbox 616 1439 677 1492; x_wconf 87' lang='lat' dir='ltr'>licia</span> <span class='ocrx_word' id='word_1_110' title='bbox 696 1439 768 1492; x_wconf 90' lang='lat' dir='ltr'>telae</span> <span class='ocrx_word' id='word_1_111' title='bbox 941 1449 978 1488; x_wconf 58' lang='grc' dir='ltr'><strong><em>Μ</em></strong></span> 
     </span>
     <span class='ocr_line' id='line_1_19' title="bbox 123 1515 825 1585; baseline -0.003 -15"><span class='ocrx_word' id='word_1_112' title='bbox 123 1515 254 1581; x_wconf 85' lang='lat' dir='ltr'>Addere;</span> <span class='ocrx_word' id='word_1_113' title='bbox 276 1532 347 1568; x_wconf 87' lang='lat' dir='ltr'>nona</span> <span class='ocrx_word' id='word_1_114' title='bbox 365 1515 444 1585; x_wconf 78' lang='lat' dir='ltr'>fugae</span> <span class='ocrx_word' id='word_1_115' title='bbox 463 1516 565 1583; x_wconf 89' lang='lat' dir='ltr'>melior,</span> <span class='ocrx_word' id='word_1_116' title='bbox 584 1516 720 1570; x_wconf 87' lang='lat' dir='ltr'>contraria</span> <span class='ocrx_word' id='word_1_117' title='bbox 737 1515 825 1568; x_wconf 84' lang='lat' dir='ltr'>furtis.</span> 
     </span>
    </p>

    <p class='ocr_par' dir='ltr' id='par_1_5' title="bbox 121 1590 978 3116">
     <span class='ocr_line' id='line_1_20' title="bbox 158 1590 830 1658; baseline -0.001 -13"><span class='ocrx_word' id='word_1_118' title='bbox 158 1591 247 1645; x_wconf 85' lang='lat' dir='ltr'>Multa</span> <span class='ocrx_word' id='word_1_119' title='bbox 266 1590 334 1645; x_wconf 90' lang='lat' dir='ltr'>adeo</span> <span class='ocrx_word' id='word_1_120' title='bbox 352 1591 443 1658; x_wconf 82' lang='lat' dir='ltr'>gelida</span> <span class='ocrx_word' id='word_1_121' title='bbox 460 1592 557 1645; x_wconf 91' lang='lat' dir='ltr'>melius</span> <span class='ocrx_word' id='word_1_122' title='bbox 576 1610 604 1646; x_wconf 86' lang='lat' dir='ltr'>se</span> <span class='ocrx_word' id='word_1_123' title='bbox 622 1595 702 1646; x_wconf 82' lang='lat' dir='ltr'>riocte</span> <span class='ocrx_word' id='word_1_124' title='bbox 721 1590 830 1658; x_wconf 88' lang='lat' dir='ltr'>dedere,</span> 
     </span>
     <span class='ocr_line' id='line_1_21' title="bbox 124 1667 750 1723; baseline -0.006 0"><span class='ocrx_word' id='word_1_125' title='bbox 124 1672 182 1723; x_wconf 87' lang='lat' dir='ltr'>Aut</span> <span class='ocrx_word' id='word_1_126' title='bbox 200 1685 261 1722; x_wconf 88' lang='lat' dir='ltr'>cum</span> <span class='ocrx_word' id='word_1_127' title='bbox 280 1667 336 1720; x_wconf 87' lang='lat' dir='ltr'>sole</span> <span class='ocrx_word' id='word_1_128' title='bbox 354 1683 423 1720; x_wconf 86' lang='lat' dir='ltr'>novo</span> <span class='ocrx_word' id='word_1_129' title='bbox 441 1671 530 1721; x_wconf 88' lang='lat' dir='ltr'>terras</span> <span class='ocrx_word' id='word_1_130' title='bbox 547 1669 651 1722; x_wconf 87' lang='lat' dir='ltr'>inrorat</span> <span class='ocrx_word' id='word_1_131' title='bbox 671 1668 750 1720; x_wconf 86' lang='lat' dir='ltr'>Eous.</span> 
     </span>
     <span class='ocr_line' id='line_1_22' title="bbox 123 1744 849 1812; baseline -0.008 -13"><span class='ocrx_word' id='word_1_132' title='bbox 123 1747 211 1800; x_wconf 88' lang='lat' dir='ltr'>Nocte</span> <span class='ocrx_word' id='word_1_133' title='bbox 229 1745 303 1799; x_wconf 89' lang='lat' dir='ltr'>leves</span> <span class='ocrx_word' id='word_1_134' title='bbox 321 1745 418 1798; x_wconf 88' lang='lat' dir='ltr'>melius</span> <span class='ocrx_word' id='word_1_135' title='bbox 437 1745 559 1812; x_wconf 82' lang='lat' dir='ltr'>stipulae,</span> <span class='ocrx_word' id='word_1_136' title='bbox 577 1749 657 1799; x_wconf 87' lang='lat' dir='ltr'>nocte</span> <span class='ocrx_word' id='word_1_137' title='bbox 675 1744 752 1798; x_wconf 88' lang='lat' dir='ltr'>arida</span> <span class='ocrx_word' id='word_1_138' title='bbox 770 1744 849 1811; x_wconf 89' lang='lat' dir='ltr'>prata</span> 
     </span>
     <span class='ocr_line' id='line_1_23' title="bbox 122 1820 978 1885; baseline -0.007 -11"><span class='ocrx_word' id='word_1_139' title='bbox 122 1822 295 1885; x_wconf 77' lang='lat' dir='ltr'>&#39;l&#39;cndontur3</span> <span class='ocrx_word' id='word_1_140' title='bbox 316 1825 409 1874; x_wconf 89' lang='lat' dir='ltr'>noctes</span> <span class='ocrx_word' id='word_1_141' title='bbox 428 1821 518 1880; x_wconf 85' lang='lat' dir='ltr'>lentus</span> <span class='ocrx_word' id='word_1_142' title='bbox 537 1838 589 1873; x_wconf 92' lang='lat' dir='ltr'>non</span> <span class='ocrx_word' id='word_1_143' title='bbox 609 1821 702 1874; x_wconf 90' lang='lat' dir='ltr'>deficit</span> <span class='ocrx_word' id='word_1_144' title='bbox 720 1820 823 1872; x_wconf 89' lang='lat' dir='ltr'>humor.</span> <span class='ocrx_word' id='word_1_145' title='bbox 941 1829 978 1868; x_wconf 81' lang='lat' dir='ltr'>aso</span> 
     </span>
     <span class='ocr_line' id='line_1_24' title="bbox 127 1896 773 1968; baseline -0.002 -17"><span class='ocrx_word' id='word_1_146' title='bbox 127 1899 158 1951; x_wconf 80' lang='lat' dir='ltr'>lit</span> <span class='ocrx_word' id='word_1_147' title='bbox 177 1898 288 1968; x_wconf 89' lang='lat' dir='ltr'>quidam</span> <span class='ocrx_word' id='word_1_148' title='bbox 308 1913 382 1950; x_wconf 88' lang='lat' dir='ltr'>seros</span> <span class='ocrx_word' id='word_1_149' title='bbox 400 1896 505 1950; x_wconf 90' lang='lat' dir='ltr'>hiberni</span> <span class='ocrx_word' id='word_1_150' title='bbox 524 1897 560 1950; x_wconf 88' lang='lat' dir='ltr'>ad</span> <span class='ocrx_word' id='word_1_151' title='bbox 578 1898 687 1950; x_wconf 90' lang='lat' dir='ltr'>luminis</span> <span class='ocrx_word' id='word_1_152' title='bbox 704 1897 773 1964; x_wconf 82' lang='lat' dir='ltr'>ignis</span> 
     </span>
     <span class='ocr_line' id='line_1_25' title="bbox 125 1974 760 2043; baseline 0.002 -17"><span class='ocrx_word' id='word_1_153' title='bbox 125 1975 277 2042; x_wconf 75' lang='lat' dir='ltr'>l&#39;ervigilat</span> <span class='ocrx_word' id='word_1_154' title='bbox 297 1975 423 2043; x_wconf 82' lang='lat' dir='ltr'>ferroque</span> <span class='ocrx_word' id='word_1_155' title='bbox 442 1974 515 2027; x_wconf 86' lang='lat' dir='ltr'>faces</span> <span class='ocrx_word' id='word_1_156' title='bbox 533 1975 648 2043; x_wconf 83' lang='lat' dir='ltr'>inspicat</span> <span class='ocrx_word' id='word_1_157' title='bbox 665 1978 760 2037; x_wconf 81' lang='lat' dir='ltr'>acut03</span> 
     </span>
     <span class='ocr_line' id='line_1_26' title="bbox 125 2050 708 2118; baseline 0.003 -16"><span class='ocrx_word' id='word_1_158' title='bbox 125 2051 235 2104; x_wconf 83' lang='lat' dir='ltr'>Interea</span> <span class='ocrx_word' id='word_1_159' title='bbox 252 2051 362 2118; x_wconf 80' lang='lat' dir='ltr'>longum</span> <span class='ocrx_word' id='word_1_160' title='bbox 381 2054 463 2104; x_wconf 88' lang='lat' dir='ltr'>cautu</span> <span class='ocrx_word' id='word_1_161' title='bbox 481 2051 569 2105; x_wconf 88' lang='lat' dir='ltr'>solata</span> <span class='ocrx_word' id='word_1_162' title='bbox 587 2050 708 2104; x_wconf 88' lang='lat' dir='ltr'>laborem</span> 
     </span>
     <span class='ocr_line' id='line_1_27' title="bbox 123 2127 742 2195; baseline -0.003 -14"><span class='ocrx_word' id='word_1_163' title='bbox 123 2131 233 2194; x_wconf 87' lang='lat' dir='ltr'>Arguto</span> <span class='ocrx_word' id='word_1_164' title='bbox 251 2128 366 2180; x_wconf 81' lang='lat' dir='ltr'>coniunx</span> <span class='ocrx_word' id='word_1_165' title='bbox 386 2128 521 2195; x_wconf 76' lang='lat' dir='ltr'>percurrit</span> <span class='ocrx_word' id='word_1_166' title='bbox 539 2128 647 2195; x_wconf 87' lang='lat' dir='ltr'>pectine</span> <span class='ocrx_word' id='word_1_167' title='bbox 666 2127 742 2192; x_wconf 80' lang='lat' dir='ltr'>telae,</span> 
     </span>
     <span class='ocr_line' id='line_1_28' title="bbox 124 2203 977 2272; baseline -0.006 -16"><span class='ocrx_word' id='word_1_168' title='bbox 124 2207 183 2256; x_wconf 88' lang='lat' dir='ltr'>Aut</span> <span class='ocrx_word' id='word_1_169' title='bbox 201 2203 286 2257; x_wconf 88' lang='lat' dir='ltr'>dulcis</span> <span class='ocrx_word' id='word_1_170' title='bbox 305 2204 388 2256; x_wconf 89' lang='lat' dir='ltr'>musti</span> <span class='ocrx_word' id='word_1_171' title='bbox 408 2203 528 2257; x_wconf 90' lang='lat' dir='ltr'>Volcano</span> <span class='ocrx_word' id='word_1_172' title='bbox 547 2204 675 2272; x_wconf 83' lang='lat' dir='ltr'>decoquit</span> <span class='ocrx_word' id='word_1_173' title='bbox 693 2203 834 2256; x_wconf 88' lang='lat' dir='ltr'>humorem</span> <span class='ocrx_word' id='word_1_174' title='bbox 940 2212 977 2251; x_wconf 75' lang='lat' dir='ltr'>aas</span> 
     </span>
     <span class='ocr_line' id='line_1_29' title="bbox 124 2279 736 2350; baseline -0.002 -18"><span class='ocrx_word' id='word_1_175' title='bbox 124 2280 160 2333; x_wconf 87' lang='lat' dir='ltr'>Et</span> <span class='ocrx_word' id='word_1_176' title='bbox 176 2279 246 2332; x_wconf 82' lang='lat' dir='ltr'>soliis</span> <span class='ocrx_word' id='word_1_177' title='bbox 264 2281 365 2333; x_wconf 88' lang='lat' dir='ltr'>undam</span> <span class='ocrx_word' id='word_1_178' title='bbox 384 2281 487 2350; x_wconf 84' lang='lat' dir='ltr'>trepidi</span> <span class='ocrx_word' id='word_1_179' title='bbox 506 2281 650 2348; x_wconf 87' lang='lat' dir='ltr'>despumat</span> <span class='ocrx_word' id='word_1_180' title='bbox 668 2279 736 2333; x_wconf 89' lang='lat' dir='ltr'>aeni.</span> 
     </span>
     <span class='ocr_line' id='line_1_30' title="bbox 125 2356 816 2422; baseline -0.004 -12"><span class='ocrx_word' id='word_1_181' title='bbox 125 2358 164 2410; x_wconf 80' lang='lat' dir='ltr'>At</span> <span class='ocrx_word' id='word_1_182' title='bbox 182 2356 333 2409; x_wconf 88' lang='lat' dir='ltr'>rubicunda</span> <span class='ocrx_word' id='word_1_183' title='bbox 353 2357 436 2410; x_wconf 80' lang='lat' dir='ltr'>Ceres</span> <span class='ocrx_word' id='word_1_184' title='bbox 455 2357 545 2410; x_wconf 92' lang='lat' dir='ltr'>medio</span> <span class='ocrx_word' id='word_1_185' title='bbox 565 2357 713 2410; x_wconf 87' lang='lat' dir='ltr'>succiditur</span> <span class='ocrx_word' id='word_1_186' title='bbox 730 2358 816 2422; x_wconf 85' lang='lat' dir='ltr'>aestu,</span> 
     </span>
     <span class='ocr_line' id='line_1_31' title="bbox 123 2433 755 2500; baseline -0.003 -13"><span class='ocrx_word' id='word_1_187' title='bbox 123 2434 160 2487; x_wconf 82' lang='lat' dir='ltr'>Et</span> <span class='ocrx_word' id='word_1_188' title='bbox 177 2433 266 2486; x_wconf 86' lang='lat' dir='ltr'>medio</span> <span class='ocrx_word' id='word_1_189' title='bbox 285 2438 372 2486; x_wconf 87' lang='lat' dir='ltr'>tostas</span> <span class='ocrx_word' id='word_1_190' title='bbox 391 2438 470 2486; x_wconf 85' lang='lat' dir='ltr'>aestu</span> <span class='ocrx_word' id='word_1_191' title='bbox 489 2435 555 2486; x_wconf 90' lang='lat' dir='ltr'>terit</span> <span class='ocrx_word' id='word_1_192' title='bbox 573 2450 638 2487; x_wconf 87' lang='lat' dir='ltr'>area</span> <span class='ocrx_word' id='word_1_193' title='bbox 655 2434 755 2500; x_wconf 80' lang='lat' dir='ltr'>fruges</span> 
     </span>
     <span class='ocr_line' id='line_1_32' title="bbox 123 2508 859 2579; baseline 0 -17"><span class='ocrx_word' id='word_1_194' title='bbox 123 2509 220 2563; x_wconf 89' lang='lat' dir='ltr'>Nudus</span> <span class='ocrx_word' id='word_1_195' title='bbox 238 2527 292 2576; x_wconf 87' lang='lat' dir='ltr'>ara,</span> <span class='ocrx_word' id='word_1_196' title='bbox 312 2527 372 2564; x_wconf 91' lang='lat' dir='ltr'>sere</span> <span class='ocrx_word' id='word_1_197' title='bbox 393 2510 498 2576; x_wconf 88' lang='lat' dir='ltr'>nudus;</span> <span class='ocrx_word' id='word_1_198' title='bbox 518 2510 624 2579; x_wconf 88' lang='lat' dir='ltr'>hiemps</span> <span class='ocrx_word' id='word_1_199' title='bbox 643 2511 741 2578; x_wconf 85' lang='lat' dir='ltr'>ignava</span> <span class='ocrx_word' id='word_1_200' title='bbox 758 2508 859 2562; x_wconf 90' lang='lat' dir='ltr'>colono.</span> 
     </span>
     <span class='ocr_line' id='line_1_33' title="bbox 122 2585 978 2656; baseline -0.005 -18"><span class='ocrx_word' id='word_1_201' title='bbox 122 2585 280 2654; x_wconf 83' lang='lat' dir='ltr'>Frigoribus</span> <span class='ocrx_word' id='word_1_202' title='bbox 299 2593 378 2656; x_wconf 86' lang='lat' dir='ltr'>parto</span> <span class='ocrx_word' id='word_1_203' title='bbox 397 2587 530 2654; x_wconf 84' lang='lat' dir='ltr'>agricolae</span> <span class='ocrx_word' id='word_1_204' title='bbox 549 2587 711 2655; x_wconf 90' lang='lat' dir='ltr'>plerumque</span> <span class='ocrx_word' id='word_1_205' title='bbox 728 2586 865 2653; x_wconf 81' lang='lat' dir='ltr'>fruuntur,</span> <span class='ocrx_word' id='word_1_206' title='bbox 940 2596 978 2634; x_wconf 81' lang='lat' dir='ltr'>coo</span> 
     </span>
     <span class='ocr_line' id='line_1_34' title="bbox 121 2661 765 2732; baseline 0.003 -18"><span class='ocrx_word' id='word_1_207' title='bbox 121 2661 274 2732; x_wconf 85' lang='lat' dir='ltr'>Mutuaque</span> <span class='ocrx_word' id='word_1_208' title='bbox 292 2666 365 2718; x_wconf 87' lang='lat' dir='ltr'>inter</span> <span class='ocrx_word' id='word_1_209' title='bbox 383 2683 412 2718; x_wconf 90' lang='lat' dir='ltr'>se</span> <span class='ocrx_word' id='word_1_210' title='bbox 431 2664 496 2717; x_wconf 89' lang='lat' dir='ltr'>laeti</span> <span class='ocrx_word' id='word_1_211' title='bbox 515 2665 636 2718; x_wconf 87' lang='lat' dir='ltr'>convivia</span> <span class='ocrx_word' id='word_1_212' title='bbox 654 2667 765 2726; x_wconf 80' lang='lat' dir='ltr'>curant;</span> 
     </span>
     <span class='ocr_line' id='line_1_35' title="bbox 122 2738 774 2810; baseline 0.002 -20"><span class='ocrx_word' id='word_1_213' title='bbox 122 2738 225 2793; x_wconf 86' lang='lat' dir='ltr'>Invitat</span> <span class='ocrx_word' id='word_1_214' title='bbox 243 2741 355 2808; x_wconf 87' lang='lat' dir='ltr'>genialis</span> <span class='ocrx_word' id='word_1_215' title='bbox 373 2741 478 2809; x_wconf 91' lang='lat' dir='ltr'>hiemps</span> <span class='ocrx_word' id='word_1_216' title='bbox 498 2758 631 2810; x_wconf 89' lang='lat' dir='ltr'>curasque</span> <span class='ocrx_word' id='word_1_217' title='bbox 651 2739 774 2795; x_wconf 87' lang='lat' dir='ltr'>resolvit:</span> 
     </span>
     <span class='ocr_line' id='line_1_36' title="bbox 121 2815 855 2887; baseline 0 -18"><span class='ocrx_word' id='word_1_218' title='bbox 121 2815 179 2869; x_wconf 82' lang='lat' dir='ltr'>Ceu</span> <span class='ocrx_word' id='word_1_219' title='bbox 197 2833 306 2886; x_wconf 87' lang='lat' dir='ltr'>pressae</span> <span class='ocrx_word' id='word_1_220' title='bbox 325 2834 386 2870; x_wconf 89' lang='lat' dir='ltr'>oum</span> <span class='ocrx_word' id='word_1_221' title='bbox 404 2818 457 2870; x_wconf 88' lang='lat' dir='ltr'>iam</span> <span class='ocrx_word' id='word_1_222' title='bbox 476 2822 585 2887; x_wconf 90' lang='lat' dir='ltr'>portum</span> <span class='ocrx_word' id='word_1_223' title='bbox 604 2819 722 2885; x_wconf 86' lang='lat' dir='ltr'>tetigere</span> <span class='ocrx_word' id='word_1_224' title='bbox 740 2816 855 2882; x_wconf 86' lang='lat' dir='ltr'>carinae,</span> 
     </span>
     <span class='ocr_line' id='line_1_37' title="bbox 123 2891 813 2962; baseline 0.001 -17"><span class='ocrx_word' id='word_1_225' title='bbox 123 2891 263 2961; x_wconf 88' lang='lat' dir='ltr'>Puppibus</span> <span class='ocrx_word' id='word_1_226' title='bbox 283 2898 312 2948; x_wconf 90' lang='lat' dir='ltr'>et</span> <span class='ocrx_word' id='word_1_227' title='bbox 329 2894 395 2948; x_wconf 92' lang='lat' dir='ltr'>laeti</span> <span class='ocrx_word' id='word_1_228' title='bbox 413 2900 513 2948; x_wconf 87' lang='lat' dir='ltr'>nautae</span> <span class='ocrx_word' id='word_1_229' title='bbox 531 2895 676 2962; x_wconf 88' lang='lat' dir='ltr'>inposuere</span> <span class='ocrx_word' id='word_1_230' title='bbox 695 2909 813 2947; x_wconf 88' lang='lat' dir='ltr'>coronas.</span> 
     </span>
     <span class='ocr_line' id='line_1_38' title="bbox 122 2967 978 3039; baseline -0.001 -17"><span class='ocrx_word' id='word_1_231' title='bbox 122 2967 178 3022; x_wconf 89' lang='lat' dir='ltr'>Sed</span> <span class='ocrx_word' id='word_1_232' title='bbox 190 2973 283 3022; x_wconf 87' lang='lat' dir='ltr'>tamen</span> <span class='ocrx_word' id='word_1_233' title='bbox 296 2975 325 3024; x_wconf 90' lang='lat' dir='ltr'>et</span> <span class='ocrx_word' id='word_1_234' title='bbox 338 2988 455 3038; x_wconf 86' lang='lat' dir='ltr'>quernas</span> <span class='ocrx_word' id='word_1_235' title='bbox 466 2971 581 3039; x_wconf 81' lang='lat' dir='ltr'>glandes</span> <span class='ocrx_word' id='word_1_236' title='bbox 594 2975 652 3024; x_wconf 92' lang='lat' dir='ltr'>tum</span> <span class='ocrx_word' id='word_1_237' title='bbox 666 2971 802 3036; x_wconf 84' lang='lat' dir='ltr'>stringere</span> <span class='ocrx_word' id='word_1_238' title='bbox 813 2972 924 3038; x_wconf 86' lang='lat' dir='ltr'>tempus</span> <span class='ocrx_word' id='word_1_239' title='bbox 941 2983 978 3022; x_wconf 82' lang='lat' dir='ltr'>aot</span> 
     </span>
     <span class='ocr_line' id='line_1_39' title="bbox 123 3045 814 3116; baseline 0.003 -18"><span class='ocrx_word' id='word_1_240' title='bbox 123 3045 160 3098; x_wconf 79' lang='lat' dir='ltr'>lit</span> <span class='ocrx_word' id='word_1_241' title='bbox 177 3045 246 3098; x_wconf 91' lang='lat' dir='ltr'>lauri</span> <span class='ocrx_word' id='word_1_242' title='bbox 264 3045 345 3100; x_wconf 88' lang='lat' dir='ltr'>bacas</span> <span class='ocrx_word' id='word_1_243' title='bbox 363 3047 505 3114; x_wconf 86' lang='lat' dir='ltr'>oleamque</span> <span class='ocrx_word' id='word_1_244' title='bbox 524 3051 691 3116; x_wconf 88' lang='lat' dir='ltr'>cruentaque</span> <span class='ocrx_word' id='word_1_245' title='bbox 710 3049 814 3114; x_wconf 89' lang='lat' dir='ltr'>myrta;</span> 
     </span>
    </p>
   </div>
   <div class='ocr_carea' id='block_1_4' title="bbox 122 3120 861 3261">
    <p class='ocr_par' dir='ltr' id='par_1_6' title="bbox 122 3120 861 3261">
     <span class='ocr_line' id='line_1_40' title="bbox 122 3120 820 3194; baseline 0.003 -22"><span class='ocrx_word' id='word_1_246' title='bbox 122 3120 191 3174; x_wconf 79' lang='lat' dir='ltr'>Tum</span> <span class='ocrx_word' id='word_1_247' title='bbox 209 3122 324 3190; x_wconf 83' lang='lat' dir='ltr'>gruibus</span> <span class='ocrx_word' id='word_1_248' title='bbox 341 3123 451 3194; x_wconf 86' lang='lat' dir='ltr'>pedicas</span> <span class='ocrx_word' id='word_1_249' title='bbox 470 3127 499 3176; x_wconf 92' lang='lat' dir='ltr'>et</span> <span class='ocrx_word' id='word_1_250' title='bbox 518 3124 588 3176; x_wconf 87' lang='lat' dir='ltr'>retia</span> <span class='ocrx_word' id='word_1_251' title='bbox 605 3139 708 3192; x_wconf 91' lang='lat' dir='ltr'>ponere</span> <span class='ocrx_word' id='word_1_252' title='bbox 726 3122 820 3190; x_wconf 84' lang='lat' dir='ltr'>cervis,</span> 
     </span>
     <span class='ocr_line' id='line_1_41' title="bbox 124 3190 861 3261; baseline 0.008 -17"><span class='ocrx_word' id='word_1_253' title='bbox 124 3190 293 3259; x_wconf 77' lang='lat' dir='ltr'>Auritosque</span> <span class='ocrx_word' id='word_1_254' title='bbox 311 3193 387 3261; x_wconf 89' lang='lat' dir='ltr'>sequi</span> <span class='ocrx_word' id='word_1_255' title='bbox 405 3192 527 3259; x_wconf 87' lang='lat' dir='ltr'>lepores;</span> <span class='ocrx_word' id='word_1_256' title='bbox 549 3197 608 3244; x_wconf 91' lang='lat' dir='ltr'>tum</span> <span class='ocrx_word' id='word_1_257' title='bbox 627 3192 711 3258; x_wconf 85' lang='lat' dir='ltr'>figere</span> <span class='ocrx_word' id='word_1_258' title='bbox 730 3191 861 3260; x_wconf 72' lang='lat' dir='ltr'>dammas,</span> 
     </span>
    </p>
   </div>
   <div class='ocr_carea' id='block_1_5' title="bbox 0 0 1126 3550">
    <p class='ocr_par' dir='ltr' id='par_1_7' title="bbox 0 0 1126 3550">
     <span class='ocr_line' id='line_1_42' title="bbox 0 0 1126 3550; baseline 0 0"><span class='ocrx_word' id='word_1_259' title='bbox 0 0 1126 3550; x_wconf 95' lang='lat' dir='ltr'> </span> 
     </span>
    </p>
   </div>
  </div>
 </body>
</html>
