2232 3556
372 118 556 179 AENEIDOS
576 117 644 169 LIB.
663 118 730 170 XII.
949 119 992 161 337

139 203 197 259 Nec
216 200 335 272 spatium
353 199 441 254 evasit
459 203 556 266 totum,
574 215 664 268 neque
682 200 798 269 pertulit
816 199 907 254 ictum.

139 281 182 334 Ac
199 279 274 333 velut
285 278 313 330 in
332 275 441 343 somnis,
460 275 551 328 oeulos
569 275 617 328 ubi
634 276 764 345 languida
781 275 883 344 pressit

139 356 227 410 Nocte
246 354 330 424 quies,
348 352 515 421 nequiquam
533 351 626 405 avidos
644 352 794 406 extendere
812 367 908 405 cursus

140 431 220 485 Velle
238 430 369 493 videmur,
388 432 417 482 et
433 429 462 480 in
480 427 579 481 mediis
597 428 740 483 conatibus
758 427 832 496 aegri
956 419 995 480 sio

140 507 323 570 Succidimus;
346 522 400 559 non
418 505 511 572 lingua
528 504 607 568 valet,
626 521 680 558 non
698 521 811 574 corporo
830 505 913 557 notae

141 584 284 638 Sufficiunt
301 583 381 649 vires,
398 597 450 634 uec
466 597 519 634 vox
538 584 586 634 aut
604 582 690 635 verba
706 583 874 650 sequuntur:

142 660 187 714 Sic
205 660 302 726 Turno,
321 674 491 728 quacumque
510 657 582 710 viam
599 657 702 712 virtute
720 658 826 727 petivit,

142 737 301 790 successum
320 734 372 788 dca
390 734 450 786 dira
467 735 559 801 negat.
596 733 665 786 Tum
682 737 795 803 pectore
813 749 909 787 sensus

143 813 298 882 Vertuntur
315 810 399 874 varii;
424 810 543 863 Rutulos
560 809 703 879 adspectat
721 814 750 864 ct
767 810 873 876 urbem,
959 824 995 862 ns

143 889 347 956 Cunctaturque
364 889 448 952 metu,
466 885 608 954 telumque
626 886 728 940 instare
747 886 904 950 tremescit;

143 965 169 1017 N
171 981 210 1033 ec,
228 981 282 1032 quo
300 980 329 1016 se
348 962 454 1032 eripiat,
470 979 528 1028 nec,
547 979 602 1030 qua
619 963 646 1016 vi
663 963 761 1018 tendat
778 962 807 1014 in
824 962 940 1027 hostem,

143 1041 169 1094 N
172 1057 203 1094 eo
220 1056 316 1093 currus
333 1055 448 1106 usquam
468 1038 545 1092 videt
562 1039 740 1107 aurigamque
758 1054 887 1092 sororem

144 1115 288 1171 Cunctanti
307 1114 393 1167 telum
413 1115 523 1166 Aeneas
540 1113 623 1168 fatale
642 1118 773 1178 coruscat

144 1192 265 1247 Sortitus
280 1191 418 1242 fortunam
436 1189 527 1255 oculis,
546 1193 575 1242 et
590 1207 703 1259 corpore
721 1194 783 1244 toto
960 1203 998 1242 sao

146 1269 258 1321 Eminus
277 1266 425 1332 intorquet.
461 1263 562 1317 Murali
579 1267 684 1320 concita
701 1283 848 1335 numquam

146 1344 292 1396 'formento
311 1340 349 1392 sic
367 1356 432 1391 saxa
443 1339 571 1406 fremunt,
589 1358 639 1394 nec
656 1343 769 1395 fulmine
786 1341 857 1396 tanti

147 1417 301 1471 Dissultant
321 1415 449 1482 crepitus.
485 1415 570 1468 Volat
587 1417 641 1469 atri
659 1417 777 1472 turbinis
794 1418 882 1472 instar

148 1491 271 1547 Exitium
290 1490 380 1543 dirum
398 1491 478 1544 hasta
494 1491 592 1559 ferens,
611 1509 726 1562 orasque
743 1494 861 1548 recludit
892 1553 895 1558 ,

148 1567 260 1623 Loricae
278 1569 307 1620 et
325 1566 404 1634 clipei
422 1571 559 1626 extremos
577 1569 760 1638 septemplicis
776 1570 857 1626 orbis.
877 1630 883 1638 ι
956 1584 999 1630 ‚aas

148 1645 202 1699 Per
219 1642 340 1696 medium
359 1642 477 1696 stridens
495 1644 595 1699 transit
612 1645 707 1700 femur.
744 1647 845 1700 Incidit
861 1646 934 1701 ictus

148 1722 248 1789 Ingens
266 1719 303 1772 ad
320 1722 423 1773 terram
442 1719 581 1789 duplicato
599 1723 702 1791 poplite
722 1723 836 1778 Turnus.

148 1798 322 1864 Consurgunt
340 1796 446 1862 gemitu
465 1797 572 1856 Rutuli,
580 1799 710 1866 totusque
729 1799 846 1865 remugit

148 1875 228 1926 Mons
246 1872 354 1934 circum,
374 1875 402 1924 ot
420 1887 514 1924 rocem
532 1872 588 1924 late
607 1889 719 1924 nemora
737 1873 792 1925 alta
810 1874 963 1928 remittunt.

150 1948 201 2002 lllc
225 1947 335 2000 humilis
362 1945 532 2014 supplexque
558 1947 649 2000 oculos
678 1947 860 2016 dextramque
886 1966 999 2018 precan-

216 2027 273 2077 tem
960 2041 1000 2080 aso

149 2100 327 2166 protendens,
346 2098 482 2167 Equidem
500 2099 595 2167 merui,
613 2117 664 2154 neo
682 2099 820 2168 deprecor,
838 2100 946 2171 inquit;

148 2177 237 2230 Utc're
255 2179 329 2228 sorte
347 2178 404 2228 tua.
439 2174 535 2228 Miseri
552 2182 582 2229 te
601 2178 623 2230 si
643 2193 697 2245 qua
714 2177 837 2244 parentis

149 2253 273 2319 Tangere
289 2267 354 2304 cura
371 2254 470 2319 potest,
489 2251 634 2318 orm—fuit
647 2257 675 2306 et
693 2252 744 2306 tibi
762 2252 827 2306 talis

151 2327 285 2381 Anchises
301 2327 536 2394 genitor—Dauni
554 2328 685 2382 miserere
703 2332 838 2396 senectae,

150 2405 186 2457 Et
204 2420 255 2470 me,
275 2419 322 2456 seu
340 2419 441 2470 corpus
458 2403 605 2472 spoliatum
624 2405 726 2458 lumine
744 2404 837 2472 mavis,
964 2422 1000 2460 ms

151 2479 248 2532 Redde
265 2479 341 2534 meis.
376 2479 484 2547 vicisti,
503 2483 532 2533 et
550 2481 653 2534 victum
671 2481 785 2535 tendere
802 2481 908 2548 palmas

153 2553 265 2609 Ausonii
283 2555 391 2620 vider03
413 2559 462 2608 tua
480 2559 524 2610 est
543 2557 656 2611 Lavinia
673 2559 802 2612 coniunx:

150 2631 274 2686 Ulterius
291 2647 325 2684 ne
343 2631 427 2685 tende
446 2632 522 2686 odiis.
559 2634 630 2688 Steti
662 2651 724 2688 acer
742 2635 769 2687 in
788 2633 872 2688 armis

150 2709 265 2774 Aeneas,
284 2707 396 2760 volvens
412 2709 509 2772 oculos,
528 2709 710 2779 dextramque
727 2711 874 2778 repressit3
1069 2767 1071 2772 ,

149 2783 256 2837 Etiam
274 2784 384 2853 iamque
402 2785 488 2852 magis
506 2791 679 2841 cunctantem
697 2787 810 2840 flectere
827 2803 918 2841 sermo
964 2803 1001 2842 oso

150 2857 291 2927 Coeperat,
310 2860 405 2913 infelix
423 2860 537 2915 humero
555 2880 616 2916 curn
635 2863 763 2932 adparuit
781 2862 837 2916 alto

149 2933 262 2988 Balteus
278 2939 307 2989 ot
324 2936 398 2989 notis
415 2935 551 2991 fulserunt
569 2939 677 3007 cingula
694 2938 777 2992 bullis

150 3008 282 3063 Pallantis
298 3013 385 3080 pueri,
404 3011 506 3066 victum
525 3031 606 3082 quem
625 3014 736 3070 volnere
756 3016 862 3070 Turnus

149 3084 291 3140 Stravemt
308 3091 391 3156 atque
409 3087 530 3142 humeris
547 3089 686 3145 inimicum
704 3092 808 3161 insigne
825 3091 948 3162 gerebat.

150 3161 209 3226 ille,
226 3161 312 3214 oculis
329 3168 474 3234 postquam
493 3166 566 3218 saevi
584 3172 760 3224 monumenta
778 3169 880 3224 doloris
958 3168 1001 3225 toa

148 3237 324 3308 Exuviasque
337 3239 437 3308 hausit,
453 3241 533 3294 furiis
550 3259 687 3311 accensus,
706 3249 735 3300 et
753 3247 793 3302 ira
