2232 3556
120 149 164 198 278
331 145 361 191 P.
381 142 535 190 VERGILI
553 141 720 189 MARONIS

120 227 258 280 Sternitur
277 223 415 277 Arcadiae
433 223 530 290 proles,
549 225 709 275 sternuntur
728 221 843 286 Etrusci,

120 303 156 356 Et
174 319 228 369 vos,
247 318 263 353 0
283 299 373 354 Graiis
391 298 527 366 inperdita
545 315 665 366 corpora,
685 297 788 350 Teucri.
938 315 974 353 seo

121 379 239 447 Agmina
257 380 423 431 concurrunt
441 375 611 442 ducibusque
629 379 658 428 et
676 373 779 427 viribus
797 375 899 442 aequis.

122 455 247 508 Extremi
266 455 420 507 addensent
438 452 526 516 acies3
544 469 593 504 ncc
611 451 693 504 turba
711 451 813 504 moveri

121 532 186 585 Tela
205 547 356 599 manusque
375 529 448 582 sinit.
486 528 558 581 Hinc
578 527 668 580 Pallas
685 528 771 580 instat
789 530 817 580 et
835 531 945 595 urguet,

123 609 196 662 ilinc
214 611 310 661 contra
328 607 439 667 Lausus,
457 621 507 658 nec
525 605 641 657 multum
661 605 798 672 discrepat
816 608 899 672 aetas,

122 685 232 752 Egregii
251 685 352 748 forma3
371 682 420 735 sed
439 682 498 750 quis
517 682 626 734 fortuna
644 685 758 748 negarat
939 698 977 734 aas

125 761 156 812 ln
175 761 294 828 patriam
312 760 426 812 reditus.
464 759 542 826 Ipsos
560 773 722 810 concurrere
739 773 835 826 passus

124 836 206 890 Haud
224 841 317 889 tamen
335 837 408 890 inter
426 852 456 888 se
474 834 566 902 magni
584 837 714 901 regnator
732 833 857 901 Olympi;

124 912 188 966 Mox
207 913 269 966 illos
287 929 336 966 sua
354 913 412 965 iata
430 915 542 964 manent
560 911 662 962 maiore
681 909 731 962 sub
749 909 834 962 hoste.

158 988 268 1042 Interea
286 1005 362 1042 soror
381 989 451 1041 alma
469 989 562 1040 monet
581 987 728 1039 succedere
748 986 836 1038 Lauso

123 1065 251 1132 Turnum,
270 1067 317 1135 qui
335 1065 438 1118 volucri
456 1081 538 1118 curru
556 1063 677 1116 medium
696 1070 770 1116 secat
787 1078 891 1130 agmen.
938 1077 978 1114 ero

123 1141 162 1196 Ut
180 1142 249 1195 vidit
267 1143 366 1195 socios:
386 1141 504 1208 Tempus
522 1139 657 1192 desistere
675 1155 796 1206 pugnae;

123 1217 201 1271 Solus
219 1235 270 1286 ego
287 1218 316 1270 in
335 1217 460 1270 Pallanta
476 1217 564 1279 feror;
582 1215 631 1267 soli
650 1215 715 1266 mihi
735 1215 824 1268 Pallas

125 1295 266 1360 Debetur3
285 1309 413 1362 cuperem
431 1293 490 1361 ipse
509 1307 608 1360 parens
625 1294 764 1360 spectator
782 1292 898 1344 adesset.

126 1371 200 1424 Haec
218 1372 271 1435 ait3
289 1375 318 1424 et
336 1370 401 1423 socii
419 1372 561 1422 cesserunt
578 1384 696 1435 aequore
713 1369 793 1421 iusso.

129 1450 175 1514 At,
195 1447 334 1500 Rutulum
347 1445 481 1513 abscessu,
499 1445 604 1498 iuvenis
623 1448 681 1496 tum
700 1443 773 1496 iussa
791 1443 908 1512 superba
939 1458 978 1497 44⁵

129 1524 243 1576 Miratus
263 1527 356 1590 stupet
374 1523 402 1574 in
421 1523 518 1588 Turno,
537 1537 689 1588 corpusque
707 1521 870 1588 peringens
910 1553 914 1561 -

128 1599 241 1650 liumina
257 1599 347 1662 volvit,
366 1597 480 1664 obitque
498 1597 571 1650 truci
589 1597 683 1664 procul
701 1598 792 1649 omnia
810 1597 876 1664 visu,

125 1675 233 1726 Talibus
252 1677 280 1726 et
299 1674 380 1727 dictis
398 1673 421 1726 it
439 1673 627 1725 contradicta
645 1673 767 1741 tyranni:

126 1751 184 1804 Aut
202 1750 294 1818 spoliis
313 1766 364 1817 ego
381 1750 436 1802 iam
454 1749 540 1817 raptis
558 1748 691 1802 laudabor
710 1749 816 1817 opimis

126 1830 185 1880 Aut
204 1826 258 1880 loto
278 1826 394 1894 insigni3
414 1826 481 1878 sorti
499 1829 578 1893 pater
596 1841 700 1893 aequus
719 1825 829 1893 utrique
848 1829 897 1878 est.
939 1839 979 1878 rso

125 1903 199 1956 Tollo
217 1905 311 1956 minas.
348 1903 433 1955 Fatus
451 1902 572 1954 medium
590 1902 715 1969 procedit
733 1903 761 1954 in
779 1918 888 1970 aequor.

127 1980 254 2047 Frigidus
274 1979 428 2032 Arcadibus
447 1979 500 2032 coit
518 1978 545 2030 in
563 1979 723 2046 praecordia
741 1979 858 2046 sanguis.

126 2056 243 2109 Desiluit
262 2057 368 2108 'l'urnus
386 2055 503 2122 biiugis;
521 2055 606 2122 pedes
624 2059 738 2122 apparat
755 2056 796 2108 ire

126 2133 288 2185 Comminus
324 2132 418 2200 thue
436 2131 486 2198 leo,
505 2130 615 2198 specula
632 2147 693 2183 cum
712 2132 781 2184 vidit
797 2131 832 2185 ab
851 2133 906 2186 alta

126 2208 204 2261 Stare
217 2207 311 2276 procul
324 2209 426 2276 campis
439 2207 619 2260 meditantem
632 2207 660 2259 in
672 2208 776 2275 proelia
787 2212 904 2274 taurum,
941 2223 981 2264 aas

127 2285 259 2337 Advolat:
278 2283 351 2336 haud
370 2284 422 2336 alia
441 2287 483 2336 est
502 2283 585 2334 Turni
604 2283 738 2336 venientis
756 2284 853 2352 imago.

127 2361 207 2412 Hunc
228 2360 276 2412 ubi
296 2360 454 2426 contiguum
473 2359 572 2411 missae
590 2359 648 2411 fore
667 2360 785 2413 credidit
803 2361 905 2427 bastae,

128 2437 172 2488 lre
191 2437 266 2504 prior
287 2435 384 2501 Pallas,
404 2435 426 2486 si
446 2451 499 2502 qua
517 2435 573 2486 fors
592 2435 704 2489 adiuvet
722 2452 817 2489 ausum

126 2512 239 2564 Viribus
257 2511 405 2579 inparibus,
425 2527 607 2578 magnumque
625 2511 665 2564 ita
683 2511 719 2564 ad
737 2513 848 2566 aethera
866 2514 959 2565 fatur:

127 2590 179 2642 Per
190 2589 277 2657 patris
290 2588 439 2655 hospitium
453 2590 482 2638 ct
494 2603 608 2654 mensas,
622 2605 690 2656 quas
702 2589 807 2641 advena
818 2588 908 2652 adisti,
942 2605 981 2642 roo

124 2665 284 2734 Te'precor,
307 2663 412 2730 Alcide,
432 2663 535 2730 coeptis
554 2662 711 2730 ingentibus
730 2665 810 2717 adsis.

126 2742 227 2794 Cernat
246 2742 374 2794 semineci
393 2740 444 2793 sibi
464 2756 507 2791 me
525 2755 621 2807 rapere
641 2757 716 2793 arina
734 2745 855 2808 cruenta,

126 2818 321 2886 Victoremquc
339 2818 429 2869 ferant
448 2815 592 2868 morientia
609 2815 712 2868 lumina
731 2817 821 2868 Turni.

127 2893 225 2945 Audiit
245 2893 357 2945 Alcides
375 2893 508 2955 iuvenem,
527 2907 710 2958 magnumque
728 2892 778 2944 sub
796 2892 850 2944 imo

126 2966 215 3020 Corde
234 2969 335 3035 premit
353 2969 487 3036 gemitum
505 2966 685 3032 lacrimasque
704 2967 819 3020 effundit
836 2968 981 3023 inanima

126 3041 194 3094 Tum
214 3043 328 3096 Genitor
347 3047 441 3095 natum
460 3041 541 3092 dictis
559 3040 669 3093 adfatur
688 3043 798 3095 amicis:

126 3115 190 3168 Stat
208 3134 257 3170 sua
275 3121 373 3186 cuique
392 3119 467 3180 dies,
485 3115 569 3167 breve
588 3119 616 3167 ct
635 3117 816 3185 inreparabile
834 3124 943 3188 tempus

127 3187 260 3244 Omnibus
278 3197 321 3245 est
340 3195 429 3252 vitam
448 3190 497 3243 sed
515 3189 613 3240 furnum
633 3193 781 3244 extendere
797 3194 883 3262 iactis,
