2242 3550
125 125 154 168 48
351 119 380 168 P.
403 118 551 164 VERGILI
570 118 699 166 MARON
702 119 734 166 IS

126 206 258 258 Versibus
276 205 419 270 incomptis
438 203 536 256 ludunt
558 205 667 272 risuque
686 205 782 271 solute,

125 281 235 348 Oraque
252 279 399 333 corticibus
419 287 528 332 sumunt
547 281 682 334 horrenda
700 283 808 350 cavatis,

126 358 162 410 llt
180 360 216 421 te,
237 357 349 421 Bacche,
368 362 467 410 vocant
485 374 534 426 por
554 357 673 409 carmina
692 357 772 425 laeta,
791 358 898 426 tibique
925 365 928 372 '

128 433 228 486 Oscilla
247 450 280 486 ex
299 433 354 486 alta
374 433 543 502 suspendunt
562 433 653 484 mollia
670 435 742 501 pinu.

128 511 198 562 Hinc
219 511 306 562 omnis
325 511 400 578 largo
419 510 543 578 pubescit
561 510 639 560 vinea
657 510 723 576 fetu,
944 525 982 564 seo

127 585 294 654 Conplentur
313 587 453 655 vallesque
473 602 554 638 cavae
573 585 712 652 saltusque
731 587 867 653 profundi,

128 663 163 715 Et
182 679 353 731 quocumque
372 662 441 715 deus
460 663 560 714 circum
580 665 660 729 caput
679 665 736 728 egit
754 662 903 716 honesturn.

128 739 200 806 Ergo
218 739 270 791 rite
289 755 367 790 suum
386 738 492 790 Baccho
511 737 632 790 dicemus
650 737 779 790 honorem

128 815 298 867 Carminibus
316 814 413 882 patriis
431 813 577 881 lancesque
596 818 624 866 et
641 813 697 866 liba
714 815 840 882 feremus

76 907 78 910 ·
129 890 282 943 Etductus
300 906 383 942 cornu
402 889 486 942 stabit
505 905 580 942 sacer
597 889 687 943 hircus
704 890 741 942 ad
759 907 841 956 aram,
944 905 981 943 eos

129 965 297 1033 Pinguiaque
316 965 344 1018 in
362 965 471 1018 veribus
489 964 654 1019 torrebimus
673 970 738 1019 exta
754 966 877 1019 colurnis.

163 1042 213 1094 list
231 1043 311 1094 etiam
330 1041 376 1096 ille
394 1041 471 1094 labor
489 1042 615 1094 curandis
633 1041 735 1096 vitibus
753 1043 830 1109 alter,

129 1117 178 1171 cni
197 1135 343 1186 numquam
362 1118 487 1172 exhausti
506 1118 573 1170 satis
592 1122 651 1172 est:
670 1134 788 1186 namque
811 1135 890 1171 omne
913 1127 982 1187 quet

196 1195 272 1247 annis

129 1271 234 1339 Terque
247 1275 400 1339 quaterque
414 1271 499 1323 solum
512 1271 700 1338 scindendum,
711 1271 864 1339 glaebaque
877 1271 964 1324 versis

130 1349 281 1400 Aeternum
300 1347 450 1413 frangenda
468 1346 642 1412 bidentibus3
660 1364 739 1400 omne
757 1347 902 1400 levandum
938 1362 976 1400 eoo

129 1423 238 1476 Fronde
256 1440 359 1476 nemus.
398 1422 483 1475 Redit
501 1423 626 1488 agricolis
644 1423 721 1476 labor
739 1428 815 1476 aetus
833 1424 860 1476 in
879 1423 982 1487 orbern,

129 1503 224 1568 Atque
242 1499 270 1552 in
289 1517 318 1553 so
337 1515 385 1552 sua
402 1516 452 1566 per
469 1498 586 1565 vestigia
603 1499 721 1553 volvitur
738 1516 833 1554 annus.

130 1578 173 1630 Ac
191 1577 244 1628 iam
263 1577 327 1629 olim
346 1592 420 1628 seras
438 1575 530 1643 posuit
548 1592 609 1628 cum
628 1576 706 1629 vinea
724 1576 835 1629 frondes

130 1652 257 1720 Frigidus
275 1656 304 1706 et
322 1652 395 1704 silvis
414 1650 504 1720 aquilo
524 1651 644 1705 decussit
662 1652 798 1719 honorem,

131 1729 190 1781 Iam
203 1733 261 1782 tum
273 1745 336 1782 acer
348 1745 426 1780 curas
440 1728 593 1781 venientem
606 1729 733 1781 extendit
745 1729 772 1780 in
784 1745 884 1782 annum
940 1743 977 1782 ros

131 1805 268 1872 Rusticus,
287 1808 316 1858 et
334 1821 415 1858 curvo
435 1803 546 1857 Saturni
565 1804 649 1857 dente
668 1805 789 1858 relictam

131 1881 309 1949 Persequitur
326 1880 410 1934 vitem
429 1880 574 1934 attondens
593 1881 727 1949 fingitque
744 1881 874 1950 putando.

131 1959 238 2012 Primus
256 1959 368 2025 humum
386 1957 481 2025 fodito,
499 1957 603 2025 primus
622 1957 735 2011 devecta
752 1961 871 2011 cremato

131 2035 281 2101 Sarmenta,
300 2038 328 2088 et
347 2034 430 2088 vallos
448 2035 551 2102 primus
570 2033 621 2086 sub
639 2038 713 2086 tecta
730 2034 847 2098 relert0;

132 2111 288 2164 Postremus
307 2111 409 2164 metito.
447 2110 494 2164 Bis
513 2110 614 2163 vitibus
633 2110 735 2177 ingruit
753 2109 864 2176 umbra3
947 2125 984 2163 sio

132 2187 179 2240 Bis
198 2190 319 2253 segetem
337 2186 428 2240 densis
446 2186 586 2239 obducunt
604 2185 727 2238 sentibus
744 2186 860 2251 herbae;

132 2262 223 2315 Durus
241 2266 358 2330 uterque
376 2263 465 2316 labor:
484 2261 594 2316 laudato
613 2263 734 2330 ingentia
752 2279 823 2330 rura,

133 2339 269 2406 Exiguum
287 2339 375 2392 colito.
412 2339 542 2392 Necnon
562 2339 644 2391 etiam
664 2355 760 2406 aspera
777 2338 848 2392 rusci

133 2415 242 2468 Vimina
260 2431 309 2482 per
328 2415 430 2480 silvam,
449 2418 479 2468 et
497 2415 562 2482 ripis
582 2414 694 2467 fluvialis
711 2414 816 2466 arundo

134 2491 271 2560 Caeditur,
290 2491 440 2559 incultique
458 2495 568 2544 exercet
586 2507 650 2544 cura
669 2491 763 2544 salicti.
949 2505 986 2546 su

134 2568 193 2621 Iam
212 2568 318 2621 vinctae
337 2568 413 2635 vites,
432 2567 486 2620 ianr
504 2567 600 2620 falcem
619 2567 732 2620 arbusta
750 2570 893 2635 reponunt,

135 2645 194 2698 Iam
211 2645 283 2698 canit
301 2645 412 2698 effectos
431 2648 569 2697 extremus
587 2644 689 2696 vinitor
707 2647 798 2698 antes:

134 2721 309 2775 Sollicitando
328 2725 418 2774 tamen
438 2720 527 2784 tellus,
546 2720 689 2788 pulvisque
708 2718 865 2786 movendus,

134 2796 171 2851 Et
187 2798 241 2850 iam
259 2798 374 2850 maturis
393 2795 557 2850 metuendus
577 2796 704 2864 luppiter
722 2795 790 2848 uvis.

169 2874 271 2928 Contra
288 2891 342 2928 non
360 2873 416 2926 ulla
433 2876 476 2926 est
494 2873 559 2925 oleis
578 2873 700 2938 cultura;
718 2889 807 2940 neque
825 2871 886 2925 illae
952 2885 987 2925 ure

135 2950 298 3004 Procurvam
318 2952 478 3018 exspectant
496 2949 591 3002 falcem
609 2954 767 3018 rastrosque
786 2948 894 3016 tenacis,

135 3027 203 3081 Cum
222 3027 305 3081 semel
323 3027 471 3080 haeserunt
490 3026 561 3079 arvis
581 3043 714 3093 aurasque
733 3025 871 3089 tulerunt;

136 3103 201 3172 Ipsa
218 3105 284 3157 satis
302 3103 393 3171 tellus,
412 3120 472 3156 cum
492 3103 574 3156 dente
592 3102 743 3154 recluditur
761 3117 837 3166 unco,

135 3177 240 3232 Sufficit
257 3179 398 3233 humorem
416 3183 445 3232 et
462 3177 588 3245 gravidas
607 3193 668 3230 eum
686 3192 795 3229 vomere
812 3175 920 3244 fruges;
