2234 3554
130 164 179 213 214
369 162 397 210 Ρ,
416 161 571 209 VERGILI
589 161 754 209 MARONIS

130 248 184 300 Ast
201 259 260 312 ego,
278 259 377 310 magna
395 242 469 296 Iovis
487 241 612 308 coniunx,
629 241 668 294 nil
686 241 810 310 linquere
828 243 954 298 inausum

129 323 205 387 Quae
222 321 299 391 potui
316 319 418 387 infelix,
437 335 508 389 quae
526 322 628 372 memet
646 319 674 371 in
692 319 783 372 omnia
800 321 878 386 verti,

130 400 231 453 Vincor
242 399 277 452 ab
290 401 394 452 Aenea.
431 396 511 463 Quod
524 396 546 448 si
560 412 620 448 mea
633 396 744 449 nurnina
755 411 808 448 non
821 399 885 450 sunt
947 410 983 448 aro

131 476 230 545 Magna
248 475 322 541 satis,
341 475 466 528 dubitem
484 472 557 525 haud
576 473 703 540 equidem
720 473 856 542 inplorare
874 472 949 542 quod

196 570 312 622 usquam
331 556 381 606 est.
749 572 753 583 ¹

130 633 254 686 Flectere
273 631 295 684 si
313 645 418 697 nequeo
437 627 563 694 Superos,
584 625 741 678 Acheronta
757 625 877 680 movebo.

130 709 191 763 Non
211 707 321 761 dabitur
339 704 437 772 regnis,
456 709 523 768 esto,
542 701 688 770 prohibere
708 701 818 767 Latinis

133 790 224 854 Atque
241 785 344 837 inmota
362 783 454 832 manet
472 778 536 831 fatis
556 777 669 830 Lavinia
688 777 820 832 coniunx:

132 867 170 916 At
181 862 299 926 trahere,
313 863 396 927 atquc
408 873 497 910 moras
510 856 596 908 tantis
607 854 672 908 licet
684 854 787 908 addere
798 855 896 921 rebus,
947 869 983 908 au

130 943 169 992 At
187 939 250 992 licet
268 936 410 990 amborum
427 932 542 1002 populos
559 931 719 984 exscindere
736 947 841 1000 regum.

131 1017 191 1070 llac
207 1031 293 1084 gener
310 1021 393 1084 atque
410 1027 487 1065 socer
503 1012 601 1063 coeant
619 1008 744 1060 mercede
763 1024 879 1061 suorum.

130 1093 265 1161 Sanguine
283 1091 397 1145 Troiano
415 1092 444 1142 et
463 1086 566 1140 Rutulo
585 1084 724 1151 dotabere,
742 1085 826 1152 virgo,

132 1170 166 1224 nt
185 1170 299 1223 Bellona
316 1170 409 1221 manet
426 1169 456 1219 te
474 1162 605 1233 pronuba.
642 1161 668 1214 N
671 1177 701 1214 ec
718 1161 777 1214 face
794 1165 902 1214 tantum

131 1247 228 1302 Cisseis
245 1261 396 1315 praegnans
412 1243 482 1310 ignis
500 1241 580 1294 enixa
596 1239 708 1305 iugalis3
947 1249 984 1289 aaa

132 1325 202 1390 Quin
219 1324 293 1378 idem
312 1322 414 1374 Veneri
432 1323 527 1387 partus
546 1334 609 1370 suus
628 1319 657 1368 ot
677 1315 754 1368 Paris
772 1315 850 1382 altor,

133 1403 323 1469 Funestacque
340 1399 440 1451 iterum
458 1394 578 1448 recidiva
595 1395 623 1446 in
642 1393 777 1458 Pergama
794 1390 899 1444 taedae.

166 1479 244 1532 Haec
261 1477 308 1530 ubi
326 1475 400 1528 dicta
418 1472 503 1539 dedit,
522 1476 611 1524 terras
629 1467 766 1521 horrenda
784 1467 896 1536 petivit:

133 1555 291 1608 Luctificam
310 1551 418 1606 Allecto
436 1549 559 1601 dirarum
578 1546 613 1599 ab
631 1545 697 1598 sede
715 1544 828 1598 dearum

134 1632 306 1700 infernisque
324 1628 379 1682 ciet
397 1625 528 1690 tenebris,
548 1624 592 1677 cui
610 1622 701 1676 tristia
719 1621 790 1674 bella
954 1627 989 1667 aar

134 1710 251 1776 Iraeque
267 1705 436 1772 insidiaeque
455 1705 484 1755 et
501 1701 614 1754 crimina
631 1699 712 1751 noxia
730 1697 813 1750 cordi.

134 1786 201 1839 Odit
219 1788 249 1838 et
266 1784 325 1852 ipse
342 1785 421 1850 pater
440 1779 546 1842 Pluton,
565 1777 648 1829 odere
668 1790 773 1827 sorores

135 1865 281 1917 Tartareae
299 1861 465 1912 monstrum:
485 1859 528 1908 tot
547 1869 606 1907 sese
625 1851 710 1904 vertit
728 1851 756 1903 in
774 1866 828 1912 ora,

135 1941 201 1994 'lam
219 1954 316 1992 sacrae
333 1935 422 2002 iacies,
440 1936 483 1986 tot
501 1930 617 2000 pullulat
635 1931 695 1981 atra
713 1926 836 1980 colubris

136 2017 223 2081 Quam
243 2016 312 2069 luno
329 2012 372 2064 his
391 2010 463 2073 acuit
481 2007 578 2073 verbis,
597 2022 628 2058 ac
645 2004 712 2057 talia
729 2004 815 2056 fatur:
951 2015 989 2056 aaa

137 2094 218 2147 lluuc
235 2091 301 2145 mihi
320 2090 356 2142 da
374 2088 521 2156 proprium,
541 2085 616 2149 virgo
634 2084 695 2134 sata
713 2080 808 2147 Nocte,
825 2078 955 2145 laborem,

139 2171 218 2224 llanc
236 2185 353 2238 operum,
372 2182 407 2218 ue
424 2166 517 2216 noster
535 2160 621 2212 honos
638 2158 787 2210 infractave
805 2155 886 2209 cedat

139 2249 223 2302 rama
240 2247 306 2313 loco,
323 2259 377 2297 neu
394 2239 534 2295 connubiis
553 2236 658 2289 ambire
678 2235 806 2287 Latinum

139 2323 286 2378 Aeneadae
303 2320 415 2388 possint,
434 2316 553 2370 Italosve
572 2312 699 2366 obsidere
717 2311 783 2362 fiais.

138 2403 179 2456 'lu
196 2404 275 2470 potes
293 2395 433 2448 unanimos
451 2407 557 2444 armare
575 2390 603 2442 in
621 2387 725 2457 proelia
742 2387 841 2438 fratres
955 2397 993 2438 aaa

142 2482 234 2547 Atque
253 2475 321 2528 odiis
338 2487 447 2525 versare
465 2469 567 2532 domos,
585 2470 618 2520 tu
635 2464 752 2518 verbera
770 2463 850 2516 tectis

140 2557 331 2618 Funereasquc
349 2548 450 2601 inferre
468 2547 548 2611 laces,
567 2542 618 2596 tibi
636 2541 746 2594 nomina
764 2539 845 2604 mille,

140 2631 215 2686 Mille
234 2626 348 2681 nocendi
366 2627 446 2678 artes
485 2619 643 2675 Fecundum
662 2621 775 2670 concute
792 2618 896 2684 pectus,

142 2706 240 2761 Disiice
259 2702 427 2772 conpositam
444 2715 546 2768 pacem,
564 2710 624 2749 scre
643 2694 754 2748 crimina
772 2690 852 2754 belli·,

142 2785 228 2838 Arma
245 2781 312 2834 velit
329 2780 478 2847 poscatque
497 2771 585 2838 simul,
604 2771 746 2838 rapiatque
764 2768 897 2820 iuventus
959 2769 998 2809 Μ

176 2859 246 2914 Exin
265 2855 415 2922 Gorgoneis
435 2853 544 2905 Allecto
562 2849 663 2900 inlecta
681 2844 792 2900 venenis

143 2934 279 3003 Principio
299 2933 406 2985 Latium
425 2934 454 2983 et
472 2924 617 2982 Laurentis
634 2926 709 2976 tecta
727 2920 835 2990 tyranni
931 2978 934 2986 Ι

144 3011 222 3066 Celsa
240 3009 318 3077 petit,
336 3008 506 3073 tacitumque
524 2997 633 3053 obsedit
650 2998 733 3052 limen
753 2999 880 3063 Amatae,

145 3089 231 3151 Quam
250 3100 332 3152 super
349 3083 469 3136 adventu
487 3078 622 3131 'lcrrcrum
640 3075 779 3143 Turnique
795 3069 952 3140 hymenaeis

146 3163 289 3214 Femineae
307 3159 450 3212 ardentem
468 3167 603 3218 curaeque
620 3151 733 3218 iraeque
750 3149 912 3215 coquebant.
963 3155 1003 3196 aaa

145 3236 218 3291 Huic
237 3235 289 3289 dea
307 3232 437 3289 caeruleis
455 3245 539 3284 unum
558 3226 593 3280 de
611 3225 729 3280 crinibus
748 3239 865 3292 anguem
