2232 3556
418 141 603 190 Aunuloos
620 142 689 191 LIB.
708 144 758 192 XI.
954 148 998 197 307
1083 189 1085 192 .
1109 179 1110 224 3

149 225 293 294 Sanguinis
311 225 357 279 ille
375 241 486 280 vomens
504 223 576 276 rivos
594 223 674 290 eadit,
694 227 778 292 atque
796 231 936 280 cruentam

149 303 257 356 Mandit
276 301 396 371 humum,
415 301 587 367 moriensque
606 317 654 352 suo
674 317 703 352 se
722 300 749 352 in
768 301 878 357 volnere
901 312 999 358 versat.

150 383 217 434 Tum
231 381 323 447 Lirim,
337 381 526 448 Pagasumque
539 395 635 446 super3
649 395 763 446 quorum
775 382 845 434 alter
857 383 975 436 habenas

151 459 269 511 Suffosso
287 459 426 510 revolutus
445 474 515 526 equo
534 457 599 508 dum
618 457 727 523 colligit,
747 458 816 511 alter
966 476 999 514 etr

151 537 224 588 Dum
243 534 366 588 subitae
385 537 511 588 dextram
529 535 633 588 labenti
652 537 742 589 tendit
759 536 897 601 inermem,

152 614 319 681 Praecipites
336 617 494 684 pariterque
513 619 602 668 ruunt.
640 614 691 668 His
710 617 788 668 addit
808 618 967 666 Amastrum

154 693 338 760 Hippotaden,
356 695 536 761 sequiturque
553 694 712 746 incumbens
731 695 836 746 eminus
853 692 933 744 hasta

152 768 292 836 Tereaque
311 769 550 838 Harpalycumque
573 773 601 822 et
625 769 833 837 Demophoonta
852 767 1001 822 Ohromim-

221 862 293 912 que;
968 857 1003 895 om

152 921 279 989 Quotque
298 923 397 975 emissa
415 939 497 974 uranu
514 917 647 975 contorsit
666 923 768 990 spicula
787 923 869 989 virgo,

153 997 203 1050 Tot
223 997 333 1066 Phrygii
351 998 474 1052 cecidere
493 997 552 1050 viri.
592 997 689 1050 Procul
709 998 828 1064 Ornytus
846 997 930 1050 annis

119 1139 121 1143 Ι
154 1075 259 1142 ignotis
277 1078 306 1127 et
324 1091 395 1142 equo
413 1078 530 1127 venator·
546 1075 646 1142 Iapyge
664 1076 759 1140 fertur,

154 1150 203 1204 Oui
221 1151 300 1218 pellis
317 1151 388 1204 latos
406 1151 533 1203 humeros
552 1156 647 1219 erepta
665 1151 778 1204 iuvenco

155 1226 303 1294 Pugnaturi
322 1227 418 1296 operit,
437 1231 519 1294 eaput
536 1227 632 1294 ingens
650 1228 705 1280 oris
723 1227 815 1280 hiatus
968 1239 1003 1276 eso

155 1302 191 1356 llt
209 1303 296 1356 malac
313 1307 409 1357 texere
426 1303 484 1371 lupi
503 1319 563 1356 cum
582 1303 711 1357 dentibus
729 1303 806 1370 albis,

156 1380 337 1448 Agrestisque
354 1397 450 1432 manus
468 1385 556 1432 armat
575 1397 685 1448 sparus3
703 1381 761 1448 ipse
780 1381 897 1434 catervis

156 1455 282 1508 Vertitur
299 1456 327 1508 in
345 1457 449 1523 mediis,
469 1461 497 1510 et
515 1460 574 1509 toto
592 1457 694 1509 vertice
713 1473 795 1524 supra
813 1460 860 1510 est.

156 1532 237 1584 Hunc
255 1532 302 1584 illa
321 1537 474 1602 exceptum,
492 1549 582 1600 neque
600 1533 671 1586 enim
690 1533 767 1586 labor
789 1533 897 1601 agmine
919 1548 1005 1594 verso,

155 1609 271 1675 Traiicit,
292 1613 320 1662 et
338 1627 420 1678 super
438 1609 504 1662 haee
522 1611 630 1662 inimico
649 1614 759 1678 pectore
776 1610 866 1662 fatur:
969 1622 1006 1659 ess

156 1685 234 1738 Silvis
253 1689 288 1749 te,
307 1685 452 1753 Tyrrhena,
469 1685 541 1738 feras
560 1687 665 1754 agitare
683 1687 806 1754 putastil

158 1761 278 1814 Advenit
297 1763 343 1828 qui
362 1767 453 1813 vestra
472 1761 530 1813 dies
548 1761 726 1814 muliebribus
744 1762 826 1814 armis

157 1837 249 1888 Verba
266 1837 446 1903 redarguerit.
483 1837 588 1888 Nomen
607 1841 699 1888 tamen
718 1838 792 1890 haud
814 1838 874 1890 leve
896 1843 1004 1904 patrum

158 1912 285 1964 Manibus
302 1911 354 1962 hoc
371 1911 481 1976 referes,
501 1912 556 1963 telo
574 1911 703 1964 cecidisse
723 1913 858 1964 Camillae.

159 1983 286 2038 Protinus
303 1985 474 2038 Orsilochum
491 1990 520 2038 et
538 1987 636 2051 Buten,
654 1987 708 2038 duo
728 2003 854 2038 maxuma
874 1987 1007 2038 Teucrum

160 2061 297 2128 Corpora:
317 2061 366 2113 sed
385 2061 476 2112 Buten
494 2077 618 2113 aversum
637 2062 749 2128 cuspide
767 2062 828 2114 fixit
973 2076 1007 2115 ear

160 2137 281 2189 Loricam
299 2136 460 2203 galeamque
477 2137 556 2200 inter,
576 2153 630 2204 qua
647 2137 714 2188 eolla
732 2137 852 2190 sedentis

161 2213 272 2279 Lucent,
291 2217 319 2266 et
337 2213 414 2266 laevo
432 2212 571 2281 dependet
589 2229 682 2280 parma
700 2213 819 2278 lacert03

161 2289 339 2358 Orsilochum,
358 2289 464 2357 lugiens
483 2307 666 2357 magnumque
684 2291 788 2357 agitata
806 2307 855 2359 per
873 2289 975 2354 orbem,

161 2365 255 2418 Eludit
273 2383 338 2434 gyro
357 2367 478 2434 interior,
498 2367 676 2434 sequiturque
695 2371 871 2434 sequentem3
975 2381 1010 2419 eas

161 2443 229 2494 Tum
248 2443 364 2495 validam
382 2460 487 2512 perque
505 2457 581 2495 arma
599 2443 656 2494 viro
674 2460 777 2512 perque
796 2461 857 2496 ossa
875 2443 999 2506 securim,

163 2519 253 2572 Altior
272 2536 428 2586 exsurgens
446 2520 535 2572 oranti
554 2524 583 2572 et
601 2520 687 2572 multa
705 2521 826 2589 precanti

162 2595 354 2661 Congeminat3
372 2596 468 2648 volnus
486 2595 574 2648 calido
592 2595 665 2662 rigat
683 2613 730 2648 ora
748 2596 867 2649 cerebro.

163 2671 264 2725 lucidit
281 2671 344 2725 huic
363 2673 508 2741 subitoque
526 2677 638 2738 aspectu
656 2673 771 2726 territus
789 2673 879 2726 haesit

164 2749 396 2817 Appenninicolae
414 2749 531 2802 bellator
549 2749 621 2802 filius
640 2749 721 2816 Auni,
976 2761 1012 2801 roe

164 2825 247 2877 Haud
266 2825 397 2893 Ligurum
416 2829 563 2891 extremus,
583 2825 649 2877 dum
667 2825 762 2878 fallere
780 2825 837 2878 lata
855 2824 987 2878 sinebant.

164 2899 254 2968 Isque,
273 2901 319 2954 ubi
338 2918 367 2955 se
385 2902 459 2954 nullo
477 2902 530 2954 iam
550 2919 630 2954 cursu
649 2901 764 2954 evadere
783 2917 890 2968 pugnae

164 2975 246 3028 Posse
265 2993 353 3046 neque
369 2977 517 3030 instantem
536 2979 658 3042 reginam
677 2981 802 3030 avertere
819 2977 914 3044 cernit,

164 3052 282 3104 Consilio
300 3070 409 3106 versare
428 3053 504 3106 dolos
522 3054 660 3120 ingressus
679 3057 707 3106 et
726 3057 794 3119 astu,

165 3129 264 3196 Incipit
283 3129 362 3183 haec:
385 3130 457 3194 Quid
476 3135 533 3184 tam
555 3131 700 3198 egregium,
719 3130 740 3182 si
760 3129 860 3182 femina
878 3127 942 3181 forti
978 3141 1013 3180 ros

164 3205 239 3258 Fidis
257 3208 347 3270 equol
367 3206 484 3260 Dimitte
501 3207 601 3273 fugam,
621 3210 650 3259 et
668 3209 697 3259 te
715 3206 864 3258 comminus
881 3219 968 3275 aequo
