2234 3554
112 106 159 162 [92
348 103 377 152 l’.
394 101 548 150 VERGILI
564 100 730 149 MARONIS

110 187 174 242 Dux
193 185 365 252 Anchisiade,
384 200 435 238 nee
452 199 496 236 mc
515 183 584 236 deus
602 198 721 250 aequore
738 181 845 236 mersit

110 263 236 330 Namque
253 262 449 331 gubernaclum
468 260 555 313 multa
573 259 600 312 vi
618 259 690 312 lente
710 258 853 326 revolsum,

111 339 161 392 Oui
179 339 260 393 datus
278 338 423 390 haerebam
443 340 534 390 eustos
553 352 704 404 cursusque
726 335 869 403 regebam,-
929 350 967 393 em

111 415 296 483 Praecipitans
314 414 387 466 traxi
406 429 517 466 meeum.
537 453 539 456 .
556 412 644 464 Maria
663 428 761 481 aspera
778 411 838 464 iuro

111 492 171 545 Nou
189 491 273 545 ullum
292 509 341 560 pro
361 509 404 545 me
424 494 531 544 tantum
550 489 653 557 cepisse
672 489 806 553 timorem,

111 569 197 632 Quam
216 573 323 635 tuane,
343 568 458 636 spoliata
476 566 565 632 amnis,
585 582 701 619 excussa
718 565 857 631 magistro,

110 645 247 698 Delieeret
266 646 350 698 tantis
368 645 444 696 navis
464 642 638 711 surgentibus
657 642 743 696 undis.

110 719 170 774 Tne
188 721 277 774 Notus
295 721 422 773 hibernas
441 721 563 772 inmensa
580 735 630 786 per
649 735 767 787 aequora
784 718 876 770 nectes
929 726 968 766 ιιι

110 798 196 850 Vexit
214 815 258 851 me
277 797 412 850 violentus
430 813 516 866 aqua;
536 797 581 848 vix
600 796 702 848 lumine
720 797 818 863 quarte

111 873 242 943 Prospexi
263 874 371 928 Italiam
392 890 496 927 summa
515 873 637 926 sublimis
655 872 690 925 ab
709 870 789 923 unda.

112 950 245 1004 Paulatim
264 950 398 1004 adnabam
418 953 525 1014 terrae;
548 949 602 1001 iam
620 953 682 1002 tuta
700 946 835 1014 tenebam,

112 1026 147 1079 Ni
159 1043 232 1094 ¹gens
250 1027 367 1080 crudelis
386 1026 496 1080 madida
514 1043 576 1079 eum
595 1029 672 1078 veste
690 1027 833 1091 gravatum

112 1103 346 1174 Prensantemque
359 1105 435 1158 uncis
448 1103 573 1156 manibus
588 1103 677 1170 capita
691 1097 899 1168 asperimontis
930 1110 968 1151 aas

113 1179 197 1233 Ferre
215 1181 364 1246 invasisset,
384 1180 569 1248 praedamque
588 1179 684 1245 ignara
700 1179 832 1245 putasset.

112 1255 191 1310 Nunc
209 1274 253 1311 me
271 1258 369 1312 fluctus
388 1257 478 1323 habet,
500 1261 666 1323 versantque
685 1255 712 1306 in
732 1254 812 1306 litere
829 1253 913 1306 venti.

113 1333 192 1395 Quod
210 1339 238 1387 te
256 1351 306 1402 per
324 1335 390 1387 caeli
410 1333 557 1386 iucundum
578 1333 669 1385 lumen
688 1335 717 1384 et
734 1346 820 1394 auras,

113 1409 166 1462 Per
183 1410 334 1477 genitorem
354 1427 408 1474 erc,
427 1425 477 1478 per
495 1425 557 1476 spes
578 1408 714 1476 surgentis
735 1406 795 1478 Iuli,

112 1484 194 1552 Eripe
213 1502 257 1538 me
274 1486 323 1551 his,
342 1486 450 1552 invicte,
469 1484 560 1538 malis:
582 1489 630 1537 aut
648 1488 680 1537 tu
697 1482 763 1535 mihi
782 1484 884 1534 terram
932 1493 969 1532 aa

113 1561 205 1628 Iniiee,
222 1578 339 1629 namque
357 1566 444 1630 potes,
464 1564 613 1629 portusque
634 1560 743 1629 require
763 1557 889 1620 Velin0s3

114 1638 173 1690 Aut
190 1640 229 1702 tu,
249 1637 271 1690 si
289 1655 343 1706 qua
360 1638 404 1690 via
422 1641 471 1704 est,
492 1637 515 1688 si
534 1653 615 1704 quam
634 1637 685 1690 tibi
705 1635 768 1688 diva
785 1632 903 1686 creatrix

113 1711 367 1782 Ostendit-neque
385 1714 463 1778 enim,
483 1713 572 1780 eredo,
592 1714 649 1766 sinc
668 1712 778 1766 mimine
796 1709 887 1763 divom

114 1789 238 1852 Flumina
256 1794 333 1844 tanta
351 1807 430 1859 paras
451 1791 628 1859 Stygiamque
647 1791 741 1842 innare
759 1785 923 1857 paludem-

113 1866 156 1919 Da
172 1865 297 1920 dextram
315 1867 421 1934 misero,
438 1871 467 1920 ct
483 1871 575 1920 tecum
591 1883 635 1919 me
651 1866 717 1919 telle
732 1881 783 1933 per
796 1863 891 1927 undas,
912 1901 915 1912 .
932 1873 970 1912 sve

113 1942 230 1996 Sedibus
247 1947 279 1996 ut
297 1943 393 1996 saltem
414 1942 530 2012 placidis
549 1943 576 1994 in
596 1946 684 1994 morte
703 1941 849 2010 quiescam.

114 2020 187 2073 'lalia
204 2019 277 2074 fatus
297 2023 363 2088 erat,
382 2020 472 2088 eoepit
491 2036 552 2072 cum
572 2018 640 2071 talia
657 2021 747 2071 vates:

113 2096 194 2150 Unde
212 2097 285 2162 haec,
304 2113 320 2149 0
341 2092 475 2163 Palinure,
494 2094 544 2148 tibi
563 2098 619 2148 tam
638 2094 698 2147 dira
716 2091 832 2161 cupide?

113 2172 154 2225 'lu
173 2173 281 2240 Stygias
298 2173 454 2225 inhumatus
473 2188 559 2239 aquas
579 2186 741 2237 amnemque
760 2181 888 2221 severum

114 2248 294 2302 Eumenidum
313 2249 432 2316 aspicies,
451 2249 573 2315 ripamve
590 2247 708 2300 iniussus
725 2243 829 2299 adibisl
932 2253 970 2293 ιιι

115 2325 215 2378 Desine
233 2324 292 2377 sata
310 2324 392 2377 deum
411 2324 484 2378 flecti
503 2339 614 2392 sperare
631 2320 775 2390 precando.

115 2401 170 2454 Sed
188 2417 255 2469 cape
274 2401 348 2453 dicta
366 2417 477 2464 memor,
497 2400 559 2452 duri
578 2400 673 2452 solatia
691 2415 776 2452 casus.

116 2478 186 2530 Nam
205 2481 254 2530 tua
272 2477 389 2542 finitimi,
407 2476 487 2544 longe
505 2477 617 2545 lateque
634 2493 684 2544 per
701 2475 785 2528 nrbes

116 2553 250 2620 Prodigiis
268 2553 322 2606 aeti
341 2553 512 2620 caelestibus,
532 2569 593 2606 ossa
610 2553 732 2621 piabunt,

117 2630 152 2682 llt
164 2633 287 2682 statuent
299 2629 441 2696 tumulum,
456 2633 485 2683 ct
496 2629 602 2682 tumulo
617 2629 758 2682 sollemnia
769 2629 889 2698 mittent,
934 2645 972 2685 sae

118 2709 325 2774 Aeternumque
344 2706 418 2760 loeus
439 2707 559 2759 Palinuri
577 2722 676 2760 nemen
694 2705 814 2760 habebit.

117 2782 170 2836 His
188 2781 269 2836 dictis
286 2798 368 2836 curae
386 2787 500 2849 emotae,
519 2783 667 2851 pulsusque
685 2797 832 2850 parumper

117 2857 207 2912 Corde
227 2857 303 2912 dolor·
321 2859 409 2924 tristi;
430 2859 533 2927 gaudet
552 2859 710 2926 cognomine
728 2861 809 2912 terra.

152 2933 224 3001 Ergo
241 2934 294 2988 iter
312 2934 451 3003 inceptum
468 2939 605 3004 peragunt
624 2933 760 3002 fluvioque
777 2935 970 3003 propinquant.

116 3009 218 3063 Navita
228 3027 295 3077 quos
306 3011 360 3063 iam
372 3010 436 3064 inde
448 3015 480 3063 ut
493 3011 586 3077 Stygia
598 3011 740 3077 prospexit
752 3009 788 3063 ab
799 3011 875 3063 unda
932 3024 970 3062 me

118 3084 172 3137 Per
189 3088 302 3138 tacitum
321 3101 416 3138 nemus
434 3087 474 3138 ire
492 3085 645 3153 pedemque
663 3086 808 3139 advertere
826 3087 906 3155 ripas,

117 3159 160 3212 Sic
177 3160 252 3227 prior
269 3161 431 3226 adgreditur
449 3161 537 3224 dietis,
555 3164 638 3228 atque
655 3161 779 3230 increpat
797 3161 883 3215 ultro:
