2232 3556
136 139 185 188 aaa
308 131 332 164 ’-
366 107 570 184 avenam
593 135 760 184 Maronis

136 219 218 272 Stant
234 213 322 284 longis
339 215 433 268 adnixi
450 215 537 270 hastis
555 221 584 270 et
602 220 680 270 scuta
697 219 824 270 tenentes

137 294 295 347 Castrorum
314 297 342 346 et
360 293 448 361 campi
465 292 564 346 medio.
600 293 669 346 Tum
688 293 772 346 Nisus
790 296 819 346 et
836 309 892 348 una
953 307 992 347 aso

137 369 269 436 Euryalus
287 369 430 423 confestim
449 369 553 422 alacres
572 369 715 424 admittier
733 375 827 442 orant;

137 446 207 500 Rem
225 463 358 513 magnam,
378 446 551 514 pretiumque
570 447 746 501 meraciore.
783 447 891 499 Primus
910 446 991 498 Iulus

137 523 254 590 Accepit
272 523 403 590 trepidos
422 539 453 574 ac
472 522 570 574 Nisum
588 522 680 576 dicere
698 523 785 578 iussit.

136 599 205 652 Tum
223 600 262 652 sie
282 599 458 667 Hyrtacides:
480 598 584 652 Audite
603 616 619 651 o
637 600 775 653 mentibus
793 601 893 668 aequis,

137 676 293 742 Aeneadae,
311 693 380 728 neve
398 675 465 728 haee
483 676 584 728 nostris
602 679 760 744 spectentur
778 677 813 730 ab
830 677 914 744 annis,
953 689 991 728 aas

137 752 213 816 Quae
230 751 350 805 ferimus.
387 752 483 805 Rutuli
502 768 596 804 somno
615 753 733 821 vinoque
753 753 835 807 soluti

138 829 313 893 Conticuere;
337 829 425 882 locum
443 829 549 881 insidiis
567 830 759 897 conspeximus
776 831 836 898 ipsi,

88 899 90 904 ’
121 903 190 966 oui
207 907 285 972 patet
303 903 331 955 iu
350 903 423 958 bivio
440 907 545 973 portae,
563 921 633 972 quae
651 921 784 974 proxuma
801 909 900 974 ponto;

138 980 291 1050 interrupti
310 981 395 1048 ignes,
414 985 529 1048 aterque
547 981 583 1033 ad
601 981 692 1034 sidera
710 982 801 1034 fumus

137 1057 275 1125 Erigitur3
300 1057 322 1110 si
340 1058 450 1111 fortuna
467 1057 629 1125 permittitis
648 1057 697 1122 uti,
953 1071 993 1110 eso

137 1133 298 1196 Quaesitum
318 1136 432 1187 Aenean
452 1138 480 1186 et
499 1133 605 1186 moenia
625 1133 778 1188 Pallantea:

137 1209 203 1262 Mox
221 1211 265 1263 hic
283 1228 344 1264 cum
363 1211 466 1279 spoliis
482 1210 586 1277 ingenti
605 1209 689 1262 caede
707 1213 824 1278 peraeta,

137 1287 243 1340 Adsere
262 1288 389 1342 cernetis.
427 1287 452 1340 N
456 1303 487 1340 ec
504 1303 554 1340 nos
571 1286 615 1340 ria
632 1287 703 1340 fallit
721 1287 825 1340 cimtis:

137 1363 264 1417 Vidimus
282 1365 404 1418 obscuris
421 1365 538 1432 primam
556 1363 607 1416 sub
626 1362 741 1417 vallibus
758 1363 858 1418 urbem

137 1439 246 1494 Venatu
265 1441 380 1494 adsiduo
398 1445 427 1494 et
445 1444 535 1494 totum
552 1440 726 1506 cognovimus
743 1456 856 1493 amnem
953 1456 995 1495 asa

140 1516 192 1569 llic
210 1517 287 1569 annis
303 1517 394 1584 gravis
412 1519 497 1584 atque
514 1516 597 1570 animi
614 1519 739 1569 matums
758 1517 865 1570 Aletes:

138 1591 174 1644 Di
192 1592 281 1660 patrii,
300 1609 414 1661 quorum
433 1609 542 1660 semper
560 1591 610 1644 sub
627 1593 738 1644 numine
756 1593 836 1644 Troia
853 1595 903 1660 est,

138 1667 164 1720 N
166 1684 200 1720 on
217 1673 310 1722 tamen
328 1669 436 1720 omnino
455 1668 572 1722 Teucros
591 1668 684 1722 delere
702 1669 813 1737 paratis,

139 1743 207 1798 Oum
225 1745 286 1798 talis
305 1745 409 1797 animos
427 1745 555 1797 iuvenum
574 1749 678 1798 ettam
696 1748 772 1798 certa
790 1745 893 1798 tulistis

139 1820 259 1874 Pectora.
277 1851 312 1860 -
331 1821 375 1874 Sic
404 1837 566 1881 memorans,
593 1821 720 1874 humeros
750 1821 918 1890 dextrasque
948 1827 994 1877 te-

207 1897 290 1951 nebat
952 1913 994 1952 rso

139 1973 298 2039 Amborum,
318 1977 346 2027 et
364 1975 467 2026 voltum
486 1973 604 2026 lacrimis
622 1977 706 2042 atque
724 1991 772 2027 ora
789 1974 940 2042 rigabat.-

140 2049 215 2112 Quae
233 2050 316 2116 vobis,
335 2067 406 2118 quae
424 2051 514 2117 digna,
533 2049 591 2113 viri,
608 2066 659 2117 pro
677 2050 804 2103 laudibus
822 2051 883 2103 istis

140 2125 263 2179 Praemia
280 2143 359 2194 posse
377 2143 440 2178 rear
458 2125 542 2178 solvil
566 2126 748 2194 pulcherrima
766 2127 884 2196 primum

142 2201 173 2253 lii
191 2219 334 2271 moresque
353 2203 458 2254 dabunt
476 2201 576 2266 vestri;
599 2205 660 2255 tum
677 2206 770 2256 cetera
787 2202 888 2256 reddet
904 2231 907 2236 ·

141 2281 273 2332 Actutum
290 2280 352 2347 pius
371 2280 480 2330 Aeneas
499 2281 584 2344 atque
601 2277 710 2346 integer
728 2279 787 2332 aeri
952 2294 992 2333 rsa

141 2355 280 2421 Ascanius,
298 2355 391 2407 meriti
409 2354 480 2406 tanti
498 2371 551 2405 nou
569 2354 703 2407 inmemor
720 2372 856 2422 umquam.

141 2431 226 2484 lnrmo
244 2447 294 2498 ego
312 2447 367 2497 vos,
386 2430 428 2482 cui
447 2430 504 2482 sola
522 2430 595 2483 salus
617 2431 742 2498 genitore
761 2432 883 2499 reducto,

139 2506 247 2574 Excipit
267 2507 408 2571 Ascanius,
426 2521 475 2572 per
493 2522 612 2573 magnos,
633 2508 657 2560 N
661 2508 707 2574 ise,
728 2509 838 2562 Penatis

140 2583 321 2650 Assaracique
342 2583 439 2634 Larem
458 2585 487 2634 et
505 2598 587 2635 canae
605 2584 758 2650 penetralia
777 2585 880 2638 Vestae

138 2658 283 2724 Obtestor;
308 2675 495 2726 quaecumque
513 2659 580 2712 mihi
595 2659 706 2712 fortuna
724 2661 848 2728 fidesque
867 2670 916 2726 est,
954 2679 995 2718 seo

139 2734 172 2786 ln
190 2736 288 2788 vestris
306 2753 377 2804 pono
395 2735 520 2802 gremiis:
546 2740 672 2788 revocate
690 2741 837 2804 parentem,

138 2809 258 2864 lteddite
276 2816 466 2879 conspeetum;
491 2811 558 2862 nihil
576 2811 622 2863 illo
640 2813 720 2866 triste
738 2819 856 2880 recepto.

138 2884 207 2938 Bina
225 2887 295 2940 dabo
314 2891 429 2954 argento
447 2887 570 2953 perfecta
587 2891 671 2955 atque
689 2905 786 2956 aspera
804 2891 889 2956 signis

138 2959 245 3026 Pocula,
265 2964 373 3015 devicta
390 2962 500 3028 genitor
518 2977 588 3026 quae
606 2964 679 3030 cepit
699 2963 809 3029 Arisba,

137 3033 174 3085 m
192 3037 316 3102 tripodas
334 3038 464 3103 geminos,
483 3036 542 3087 auri
562 3036 616 3088 duo
635 3055 732 3106 magua
750 3040 862 3103 talenta,
952 3057 994 3100 aas

137 3106 253 3161 Cratera
270 3111 421 3178 antiquum,
440 3127 522 3177 quem
541 3110 590 3163 dat
609 3114 720 3166 Sidonia
741 3115 819 3167 llido.

136 3177 165 3229 si
184 3197 248 3234 vero
266 3201 364 3252 capere
383 3185 492 3240 ltaliam
511 3189 681 3254 sceptrisque
700 3190 780 3249 iiotiri
