2274 3554
397 124 581 172 AENEIDOS
599 124 666 172 LIB.
688 123 736 172 IV.
946 127 992 174 153
1082 139 1086 146 “

141 205 287 274 Exspectat
303 204 467 272 facilemque
483 204 576 272 fugam
596 209 746 274 ventisque
763 206 885 260 ferentis.
955 219 993 259 aue

140 278 164 334 N
167 298 201 334 on
219 281 272 334 iam
291 280 447 348 coniugium
465 281 617 350 antiquum,
636 281 710 350 quod
727 281 858 349 prodidit,
876 298 934 350 ero,

140 359 197 411 Nec
213 357 328 427 pulchro
345 360 377 410 ut
395 356 475 410 Latio
493 361 586 412 eareat
604 375 774 426 regnumque
794 357 947 426 relinquat;

139 434 256 504 Tempus
274 434 354 490 inane
372 437 445 502 peto,
462 433 587 502 requiem
606 435 780 502 spatiumque
798 434 890 500 furori,

139 512 213 565 Dum
230 528 292 565 mea
308 527 353 564 me
370 510 471 564 vietam
489 509 586 564 doceat
601 511 713 565 ,fortuna
732 510 832 566 dolere.

140 587 299 643 Extremam
316 589 386 642 haue
404 604 452 642 oro
469 587 742 642 reniam-miserere
761 589 912 654 sororis—3
958 603 994 642 uu

140 664 306 732 Quammihi
318 681 380 718 eum
393 662 510 729 dederis,
522 664 687 718 cumulatam
699 667 789 718 morte
800 665 949 718 remittam.

174 741 285 794 Talibus
303 740 407 808 orabat,
425 739 544 808 talisque
562 740 716 794 miserrima
735 740 817 795 fletus

140 819 261 886 Fertque
279 818 420 886 refertque
435 832 519 872 soror.
555 816 611 870 Sed
628 817 710 870 nullis
727 816 773 870 ille
790 824 917 870 movetur

140 894 272 962 Fletibus,
291 897 339 947 aut
357 909 438 948 voees
456 893 525 947 ullas
542 892 696 946 tractabilis
713 893 805 959 audit;

141 970 211 1024 Fata
228 970 347 1038 obstant,
366 970 542 1039 placidasque
560 969 611 1022 viri
630 969 698 1023 deus
716 969 837 1024 obstruit
854 971 934 1024 amis.
958 983 995 1023 ase

141 1047 184 1099 Ae
200 1045 277 1100 velut
295 1063 397 1100 annoso
415 1045 533 1099 validam
551 1062 613 1099 eum
631 1045 730 1099 rubore
748 1063 879 1114 quereum

142 1123 236 1192 Alpini
255 1123 360 1176 Boreae
377 1139 450 1176 nunc
468 1122 530 1176 hine
548 1139 619 1175 nunc
638 1121 749 1176 flatibus
767 1123 841 1176 illinc

142 1199 246 1252 Emere
263 1199 336 1252 inter
354 1216 383 1255 se
401 1202 523 1264 certant3
543 1199 567 1252 it
585 1198 695 1266 stridor,
713 1203 742 1252 et
760 1199 832 1254 altae

71 1311 75 1319 -
142 1276 327 1330 Consternunt
345 1280 449 1332 terram
466 1293 596 1330 concusso
615 1276 709 1345 stipite
727 1276 853 1342 frondem

142 1353 208 1422 Ipsa
218 1353 314 1420 haeret
326 1353 450 1422 seopulis,
463 1357 499 1420 et,
512 1356 645 1422 quantum
658 1353 760 1406 vertice
771 1353 808 1406 ad
819 1369 900 1406 auras
958 1366 994 1406 sm

143 1429 298 1498 Aetherias,
315 1432 424 1484 tanturn
443 1429 536 1483 radice
554 1429 582 1482 in
600 1429 715 1484 Tartara
732 1429 837 1484 tendit:

143 1506 228 1560 Haud
246 1522 323 1560 secus
340 1506 463 1562 adsiduis
481 1506 544 1560 hine
562 1510 647 1576 atque
664 1507 726 1561 hine
744 1506 855 1561 vocibus
872 1506 954 1560 beros

142 1583 285 1651 Tenditur,
304 1585 333 1636 et
350 1599 448 1651 magno
467 1583 602 1652 persentit
621 1588 732 1652 pectere
751 1601 844 1648 euras;

143 1659 221 1714 Mens
238 1660 342 1714 inmota
359 1664 467 1726 manet;
485 1660 613 1715 lacrimae
631 1661 776 1714 volvuntur
794 1661 894 1715 inanes.
935 1724 937 1728 Ι

176 1737 244 1790 Tum
262 1753 327 1790 vero
345 1736 438 1792 infelix
455 1737 520 1790 fatis
538 1739 670 1792 exterrita
688 1737 761 1792 Dido
960 1742 995 1782 ⁴5⁰

142 1813 261 1867 Mortem
279 1816 355 1878 orat;
374 1812 470 1867 taedet
482 1813 550 1868 caeli
568 1831 688 1868 convexa
706 1815 785 1868 tueri.

142 1889 201 1954 Quo
218 1890 306 1958 magis
323 1889 462 1958 inceptum
480 1893 594 1957 peragat
612 1890 755 1958 lucemque
772 1889 917 1959 relinquat,

142 1965 228 2031 Vidit,
246 1965 401 2019 turicremis
420 1981 480 2018 cum
500 1965 571 2018 dona
588 1967 732 2031 inponeret
750 1967 840 2020 aris—

142 2041 320 2095 Herrendum
339 2039 716 2108 dictu-laticesuigrescere
734 2059 825 2095 sacros

142 2118 270 2184 Eusaque
287 2116 316 2168 in
334 2115 478 2168 obscenum
497 2133 527 2169 se
544 2119 652 2170 vertere
669 2117 731 2170 vina
749 2133 881 2172 cruorem.
959 2131 994 2170 ee

142 2194 205 2246 Hoc
221 2192 310 2244 visum
328 2190 403 2259 nulli,
420 2207 475 2244 uon
492 2192 545 2260 ipsi
563 2192 645 2246 effata
662 2193 754 2246 sorori.
813 2189 815 2192 ’

144 2270 292 2322 Praeterea
309 2267 363 2320 fuit
379 2267 408 2320 in
425 2268 507 2323 tectis
525 2268 560 2322 de
578 2285 713 2323 marmore
730 2270 863 2339 templum

144 2344 272 2413 Coniugis
290 2343 403 2413 antiqui,
421 2345 490 2400 miro
509 2345 583 2414 quod
600 2346 703 2401 honere
721 2345 835 2414 colebat,

144 2421 299 2474 Velleribus
316 2421 402 2475 niveis
421 2427 450 2476 et
466 2423 538 2476 festa
554 2421 653 2478 fronde
667 2423 837 2480 revinctum:

144 2499 216 2552 Hine
234 2498 358 2553 exaudiri
376 2516 455 2554 voces
473 2503 502 2554 et
520 2500 604 2554 verba
621 2501 742 2554 vocantis
958 2513 993 2553 seu

145 2575 210 2629 Visa
228 2575 286 2642 viri,
305 2592 359 2628 nox
377 2593 438 2630 cum
456 2580 544 2631 terras
562 2577 676 2632 obseura
693 2580 817 2643 teneret3

143 2651 260 2722 Solaque
278 2652 441 2706 numinibus
458 2653 536 2708 ferali
554 2653 673 2708 carmine
690 2653 762 2708 bubo

142 2728 229 2798 Saepe
248 2729 326 2798 queri
344 2735 373 2783 et
390 2731 485 2798 longas
502 2731 530 2784 in
549 2731 644 2784 fletum
663 2731 763 2786 ducere
781 2747 874 2795 voees;

143 2805 285 2874 Multaque
302 2803 556 2875 praeterea'vatum
574 2807 716 2876 praedicta
733 2807 855 2876 priorum

142 2883 270 2939 Terribili
287 2885 394 2938 monitu
410 2885 575 2939 horrificant.
612 2885 681 2952 Agit
698 2883 757 2950 ipse
774 2883 911 2936 furentem
956 2893 993 2934 sss

144 2959 177 3013 In
195 2961 296 3016 somnis
312 2961 388 3016 ierus
407 2964 531 3028 Aeneam
551 2969 712 3031 semperque
729 2958 846 3027 relinqui

143 3037 206 3092 Sola
223 3038 282 3106 sibi,
299 3056 407 3108 semper
423 3039 533 3106 longam
550 3039 709 3092 incomitata
726 3036 835 3090 videtur

144 3114 189 3168 Ire
207 3116 278 3169 viam
296 3117 326 3168 et
344 3115 437 3183 Tyrios
455 3115 566 3169 deserta
583 3130 715 3182 quaerere
732 3116 815 3166 terra.

145 3189 327 3244 Eumenidum
344 3190 429 3243 veluti
447 3190 560 3244 demens
577 3189 654 3244 videt
671 3189 780 3258 agmina
799 3187 945 3257 Pentheus,
