2234 3554
336 499 366 548 P.
385 499 541 548 VERGILI
558 499 725 549 MARONIS

297 665 773 740 AENEIDOS

379 853 497 909 LIBER
516 853 692 920 QUINTUS.

484 1013 587 1044 -ψ-

111 1127 238 1187 lsrnnns
256 1133 377 1187 medium
396 1137 506 1189 Aeneas
522 1137 577 1189 iam
595 1135 681 1189 classe
699 1132 812 1187 tenebat

110 1207 208 1262 Certus
225 1209 286 1276 iter,
305 1209 457 1278 fluctusque
475 1215 550 1265 atros
567 1211 693 1278 aquilone
712 1209 829 1275 secabat,

109 1283 218 1339 Moenia
235 1286 390 1354 respiciens,
409 1303 480 1354 quae
497 1288 551 1341 iam
568 1286 682 1340 infelicis
702 1284 806 1338 Elissae

109 1360 258 1415 Conlucent
276 1362 398 1415 flammis.
436 1363 512 1426 Quae
531 1366 639 1416 tantum
657 1360 814 1416 accenderit
832 1365 932 1431 ignem,

110 1437 211 1492 Caussa
229 1439 312 1502 latet;
330 1439 391 1491 duri
409 1455 508 1506 magno
526 1438 575 1492 scd
594 1454 685 1491 amore
704 1437 812 1492 dolores
949 1453 962 1492 r

109 1512 224 1581 Polluto‚
243 1517 399 1582 notumque,
417 1514 510 1568 furens
529 1513 595 1582 quid
613 1514 713 1568 femina
730 1516 824 1582 possit,

109 1588 198 1644 Triste
216 1608 266 1659 per
282 1591 426 1658 angurium
445 1591 610 1644 Teucrorum
629 1595 740 1658 pectora
757 1589 867 1644 ducunt

143 1667 182 1720 Ut
200 1668 312 1735 pelagus
329 1671 443 1720 tenuere
461 1671 542 1734 rates,
561 1683 611 1721 nec
628 1668 682 1720 iam
701 1666 816 1734 amplius
833 1667 889 1720 ulla

109 1741 236 1797 Occurrit
253 1745 340 1811 tellus,
359 1745 446 1798 maria
463 1744 584 1812 undique
603 1747 632 1797 et
649 1743 771 1811 undique
788 1741 902 1810 caelum,

108 1818 162 1873 Olli
180 1821 319 1875 caeruleus
337 1839 420 1889 supra
437 1825 521 1890 capnt
540 1821 650 1874 adstitit
667 1819 762 1883 imber,
936 1831 961 1872 1o

108 1896 224 1951 Noctem
243 1897 413 1966 hiememque
432 1898 529 1962 ferens,
544 1902 573 1950 et
589 1896 723 1949 inhorruit
740 1895 815 1948 unda
832 1893 960 1970 tenebris.

109 1973 173 2042 Ipse
189 1973 357 2041 gubernator
374 1973 458 2043 puppi
478 1974 621 2026 Palinurus
639 1972 674 2024 ab
693 1971 762 2025 alta:

109 2049 186 2104 Heu!
206 2051 332 2119 quianam
350 2051 421 2104 tanti
438 2051 583 2103 cinxerunt
600 2049 713 2102 aethera
730 2047 833 2102 nimbil

108 2125 220 2192 Quidve,
238 2130 318 2195 pater
335 2127 360 2179 N
363 2131 470 2196 eptune,
488 2128 584 2194 parasl
621 2125 665 2179 Sic
683 2124 782 2178 deinde
800 2125 906 2177 locutus

108 2201 242 2270 Colligere
259 2219 336 2256 arma
353 2203 429 2257 iubet
446 2203 598 2271 validisque
616 2201 773 2254 incumbere
791 2201 882 2261 remis,
939 2213 963 2252 15

108 2277 293 2347 Obliquatque
311 2280 385 2332 sinus
402 2281 429 2331 in
448 2283 568 2346 ventum,
586 2294 618 2330 ac
635 2278 702 2331 talia
720 2277 807 2330 satur:

107 2353 280 2422 Magnanimo
301 2358 402 2422 Aenea,
421 2371 481 2418 non,
499 2356 522 2408 si
542 2355 607 2408 mihi
627 2354 753 2422 luppiter
771 2355 866 2406 auctor

108 2430 253 2498 spondeat,
272 2431 322 2483 hoc
340 2448 446 2498 sperem
466 2432 574 2486 Italiam
595 2431 751 2498 contingere
770 2428 852 2484 caelo.

107 2506 207 2560 Mutati
226 2509 380 2560 transversa
398 2507 518 2561 fremunt
537 2512 566 2560 et
585 2525 699 2576 vespere
720 2505 755 2559 ab
773 2509 835 2558 atro

107 2581 280 2649 Consurgunt
298 2583 379 2646 venti,
399 2587 482 2652 atque
501 2584 528 2636 in
546 2584 646 2636 nubem
665 2583 772 2652 cogitur
789 2597 842 2636 aer,
941 2591 965 2632 20

107 2657 131 2709 N
134 2675 165 2711 ec
182 2675 231 2710 nos
249 2658 335 2711 obniti
353 2665 455 2727 contra,
473 2677 523 2713 nec
541 2660 657 2714 tendero
679 2663 787 2713 tantum

106 2733 264 2788 Sufficimus.
300 2737 417 2803 Superat
435 2738 561 2805 quoniam
581 2737 708 2802 Fortuna,
730 2748 883 2802 sequamur,

106 2812 220 2879 Quoque
237 2817 322 2878 vocat,
341 2817 479 2866 vertamus
495 2814 555 2866 itcr.
593 2812 618 2865 N
620 2829 651 2866 ec
668 2810 750 2865 litora
768 2809 848 2876 longe

106 2887 174 2940 Fida
192 2905 255 2941 reor
272 2888 394 2943 fraterno
414 2890 507 2958 Erycis
525 2893 676 2956 portusque
695 2887 814 2953 Sicanos,

106 2963 133 3016 Si
152 2966 231 3017 modo
249 2965 302 3018 rite
321 2983 424 3018 memor
442 2970 550 3019 servata
568 2964 698 3016 remetior
716 2967 797 3016 astra.
938 2975 964 3014 ns

105 3040 172 3092 Tum
191 3042 250 3108 pius
271 3043 391 3094 Aeneas:
411 3041 547 3109 Equidem
566 3039 605 3092 sic
623 3053 735 3106 poscere
754 3040 849 3090 ventos

106 3115 269 3169 Iamdudum
288 3121 318 3170 et
335 3117 439 3170 frustra
456 3132 536 3168 cerno
554 3118 584 3167 te
603 3114 718 3167 tendere
736 3117 840 3167 contra.

105 3188 198 3243 Flecte
217 3193 285 3244 viam
304 3192 377 3245 velis.
413 3194 457 3244 An
476 3192 513 3245 sit
530 3190 596 3243 mihi
614 3189 718 3256 gratior
734 3188 797 3246 ulla.
