2274 3554
440 151 623 202 AENEIDOS
640 153 709 202 LIB.
730 153 767 201 II.
983 157 1031 208 11³

174 239 281 294 Limina
298 241 434 291 tectorum
453 238 482 288 et
500 233 620 286 medium
639 233 667 286 iu
684 233 873 304 penetralibus
891 234 1006 302 hostem,

176 319 262 370 Arma
280 314 328 366 din
346 312 437 365 senior
455 310 571 364 desueta
588 311 771 364 trementibus
789 327 855 366 aevo

175 389 334 446 Circumdat
351 387 517 455 nequiquam
535 387 665 450 humeris,
683 391 712 440 et
730 388 827 441 inutile
844 388 948 441 fenum
991 401 1028 444 sle

176 468 307 536 Cingitur,
325 481 356 518 ae
375 463 473 516 densos
491 463 579 516 fertur
598 464 747 516 moriturus
765 464 793 516 in
811 464 905 517 hostis.

177 544 301 598 Aedibus
319 542 347 594 in
366 539 464 593 mediis
482 539 610 607 nudoque
630 539 681 593 sub
700 540 821 594 aetheris
839 557 891 594 axe

177 622 277 690 Ingens
296 635 343 673 ara
360 617 413 670 fuit
431 617 561 684 iuxtaque
581 618 727 671 veterrima
744 618 844 686 laurus,

178 697 342 751 incumbens
360 710 423 746 arae
441 697 525 761 atque
544 693 641 748 umbra
659 696 790 764 conplexa
809 693 926 750 Penatis.

180 775 232 828 iiie
251 772 365 827 Hecuba
383 774 411 824 et
429 775 510 824 natae
529 772 695 841 nequiquam
715 773 811 826 altaria
829 773 939 840 circum,
998 785 1035 825 stt

179 849 345 918 Praecipites
363 851 424 900 atra
441 863 491 900 eeu
510 852 675 916 tempestate
694 849 841 916 columbae,

179 926 337 980 Gondensae
356 929 385 978 et
403 923 493 976 divom
512 925 653 994 amplexae
672 925 814 979 simulacra
832 926 971 980 sedebant.

180 1003 273 1072 ipsum
292 1005 383 1055 autem
403 1001 517 1069 sumptis
538 1002 674 1054 Priamum
693 1003 861 1055 iuvenalibus
878 1003 959 1055 armis

180 1079 220 1134 Ut
237 1078 313 1145 vidit,
333 1079 409 1143 Quae
427 1094 504 1130 meus
523 1081 579 1131 tam
598 1078 664 1144 dira,
684 1079 834 1131 miserrime
852 1079 976 1146 coniunx,

181 1155 285 1225 Inpulit
304 1156 345 1208 liis
363 1155 435 1222 cingi
453 1154 533 1208 telisl
552 1159 600 1208 aut
618 1171 673 1223 que
691 1155 764 1207 ruisi
782 1155 879 1222 inquit.
1000 1167 1036 1206 sao

182 1231 243 1286 Non
262 1233 309 1286 tali
327 1231 425 1286 alixilio
444 1247 493 1284 nee
511 1231 700 1302 defensoribus
717 1231 778 1284 istis

182 1310 299 1378 Tempus
318 1315 396 1376 egem
415 1325 476 1374 non,
496 1309 518 1361 si
537 1309 594 1376 ipse
612 1325 689 1361 meus
708 1324 779 1361 nuuc
797 1306 906 1361 adforet
925 1305 1036 1358 Hector.

184 1387 246 1440 Huc
264 1385 376 1439 tandem
395 1381 527 1450 concede,
545 1385 611 1438 haec
630 1401 676 1437 ara
696 1384 820 1438 tuebitur
838 1383 933 1449 onmis,

184 1465 242 1516 Aut
259 1463 374 1515 moriere
393 1461 478 1514 simul.
517 1461 561 1514 Sie
579 1479 626 1514 ore
645 1461 728 1515 effata
746 1460 850 1528 recepit

184 1539 230 1594 Ad
248 1556 308 1593 sese
326 1543 356 1592 et
374 1555 450 1592 sacra
467 1538 627 1606 longaevum
646 1537 674 1590 in
693 1537 759 1590 sede
777 1537 881 1589 locavit.
1001 1547 1039 1588 sas

219 1617 287 1670 Eece
304 1619 396 1668 alitem
414 1615 522 1683 elapsus
542 1615 638 1684 Pyrrhi
656 1614 691 1667 de
712 1613 796 1667 caede
817 1613 925 1680 Polites,

185 1694 261 1748 Unus
279 1697 404 1746 natorum
425 1691 531 1751 Priami
550 1691 681 1760 pertale,
700 1709 750 1760 per
768 1691 854 1746 hostis

186 1769 338 1824 Porticibus
356 1769 442 1836 longis
460 1768 536 1835 fugit,
555 1771 584 1821 et
602 1783 687 1820 vacua
705 1768 775 1821 atria
793 1767 893 1820 lustrat

185 1848 307 1902 Saucius:
324 1846 400 1898 illum
419 1847 518 1898 ardens
535 1845 634 1898 infesto
652 1844 762 1898 volnere
781 1843 902 1912 Pyrrhus

187 1924 350 1990 Insequitur,
362 1922 415 1974 iam
429 1923 537 1986 iamque
549 1936 630 1972 irranu
643 1923 721 1973 tenet
733 1923 762 1972 et
774 1919 875 1988 premit
887 1919 980 1973 hasta:
1003 1933 1040 1973 eso

186 2001 225 2052 Ut
242 1997 355 2052 tandem
374 2001 438 2048 ante
456 1995 548 2048 oculos
566 1995 652 2048 evasit
671 1999 700 2047 et
718 2011 766 2047 ora
783 1999 936 2063 parentum,

187 2073 317 2137 Concidit,
337 2089 368 2124 ae
386 2071 472 2124 multo
491 2070 575 2122 vitam
594 2087 655 2122 cum
674 2071 804 2138 sanguine
823 2070 902 2122 fudit.

188 2151 242 2202 Hic
261 2148 391 2212 Priamus,
410 2161 573 2214 quamquam
592 2146 619 2197 in
638 2145 728 2199 media
745 2146 798 2198 iam
816 2150 904 2199 morte
922 2150 1040 2211 tenetur,

188 2225 249 2278 Non
266 2227 357 2286 tamen
375 2222 515 2287 abstinuit,
533 2239 584 2274 nee
602 2222 660 2275 voci
678 2222 790 2290 iraeque
809 2224 945 2291 pepercit:

167 2293 229 2371 {At
246 2298 297 2353 tibi
315 2316 364 2368 pro
382 2299 491 2364 scelere,
511 2299 650 2366 exclamat,
669 2315 719 2368 pre
737 2299 837 2353 talibus
854 2300 933 2368 ausis,
1006 2315 1043 2354 aas

190 2377 231 2444 Di,
249 2377 271 2430 si
290 2393 344 2445 qua
361 2380 404 2431 est
421 2376 495 2430 caclo
514 2376 608 2444 pietas,
628 2393 698 2446 queo
717 2376 783 2430 talia
801 2381 885 2444 curet,

191 2453 348 2508 Persolvaut
365 2459 457 2522 grates
476 2453 572 2521 dignas
590 2457 619 2508 et
638 2454 758 2522 praemia
775 2454 894 2508 reddant

190 2531 295 2597 Debita,
314 2531 435 2599 qui-nati
453 2547 544 2584 eoram
562 2547 607 2584 me
625 2547 737 2584 eernere
756 2531 841 2584 letum

190 2607 289 2661 Fecisti
307 2611 335 2660 et
352 2608 455 2674 patrios
473 2607 591 2660 foedasti
609 2607 704 2661 itinere
722 2607 818 2660 voltus.

191 2687 230 2737 At
247 2701 300 2736 non
318 2683 371 2748 ille,
390 2689 479 2737 satum
498 2688 599 2752 quote
617 2683 748 2750 mentiris,
768 2683 891 2736 Achilles
1010 2695 1046 2735 tte

189 2760 262 2814 Talis
279 2761 306 2813 in
324 2760 405 2813 hoste
421 2759 474 2814 fuit
494 2759 617 2823 Priam0;
635 2759 684 2812 sed
702 2760 761 2812 iura
779 2758 918 2826 fidemque

190 2836 322 2905 Supplieis
339 2835 456 2902 erubuit,
475 2851 628 2904 corpusque
647 2851 784 2902 exsangue
803 2833 946 2902 sepulchro

191 2911 324 2965 Reddidit
342 2913 518 2979 Heemreum,
535 2928 634 2980 meque
653 2911 680 2963 in
698 2927 760 2964 mea
778 2927 862 2977 regna
880 2910 992 2964 remisit.

191 2987 236 3042 Sic
253 2989 326 3041 fatus
344 2988 440 3054 senior,
459 2987 600 3055 telumque
617 2986 718 3040 inbelle
736 2987 795 3039 sine
812 2987 869 3039 ictu

192 3064 322 3130 coniecit,
339 3079 421 3116 rauco
438 3063 513 3132 qued
530 3063 655 3130 protinus
672 3077 736 3115 aere
753 3063 889 3132 repulsum
1011 3075 1047 3114 ste

193 3140 230 3192 ut
247 3155 353 3192 summo
369 3140 448 3207 clipei
466 3140 630 3208 nequiquam
648 3137 766 3192 umbone
783 3139 919 3208 pependit.

198 3213 244 3267 tui
263 3213 396 3333 igrrhus:
417 3215 531 3268 Reicies
549 3231 615 3282 ergo
632 3215 699 3268 haec
717 3218 746 3268 et
763 3216 875 3269 nuntius
891 3216 943 3269 ibis
