2232 3556
115 138 161 184 312
342 134 370 180 P.
393 132 544 197 VERGILI
562 131 729 178 MARONIS

114 213 200 265 Obliti
219 213 311 280 ignoto
329 230 485 280 camporum
503 212 531 264 in
549 213 660 280 pulvere
678 211 817 279 linquunt;

115 289 181 357 Opis
200 289 236 342 ad
254 288 405 341 aetherium
424 289 520 357 pennis
539 289 662 340 aufertur
682 288 833 356 Olympum.

150 364 240 416 Prima
258 363 335 430 fugit,
354 363 463 416 <lomina
483 365 588 431 amissa,
607 364 675 416 levis
693 365 736 417 ala
754 365 903 428 Camillam

115 435 226 494 Turbati
245 441 353 508 fugiunt
373 441 476 510 Rutuli,
496 441 566 509 sugit
585 459 647 494 acer
667 443 773 509 Atinas,

115 517 284 586 Disiectique
303 517 386 570 duces
405 517 575 585 desolatique
594 518 705 586 manipli
931 533 970 571 a7o

114 594 184 646 Tuta
202 599 307 662 petunt,
327 602 355 647 ct
374 595 450 663 equis
469 594 557 646 aversi
576 595 612 647 ad
629 595 736 647 moenia
753 595 878 648 tendunt.

115 670 173 722 Nee
192 671 335 738 quisquam
354 671 482 723 instantis
502 670 619 723 Teucros
638 670 779 736 letumque
796 669 909 723 ferentis

116 747 277 800 Sustentarc
297 747 369 800 valet
387 747 458 814 telis,
477 751 526 800 aut
545 747 642 799 sistere
660 749 768 810 contra;

112 822 167 875 Sed
185 822 261 875 laxos
280 823 404 876 referunt
422 823 543 875 humeris
561 822 757 890 languentibus
775 839 861 888 arcus,

114 897 383 968 Quadrupedumque
395 903 505 966 putrem
518 916 599 952 cursu
617 899 706 965 quatit
722 899 822 965 ungula
834 915 968 966 campum.

114 973 241 1028 Volvitur
259 975 295 1028 ad
313 993 405 1028 muros
423 976 539 1044 caligine
557 975 686 1028 turbidus
704 978 764 1028 atra
930 989 969 1028 oro

114 1050 213 1118 Pulvis,
233 1055 262 1104 et
280 1068 296 1104 e
315 1052 431 1120 speculis
449 1068 595 1120 percussae
614 1054 728 1120 pectora
745 1053 846 1102 matres

114 1127 272 1180 Femineum
291 1128 435 1180 clamorem
455 1128 490 1180 acl
509 1127 577 1180 caeli
596 1127 687 1180 sidera
705 1127 811 1180 tollunt.

114 1203 166 1267 Qui
186 1221 266 1257 cursu
285 1209 377 1272 portas
396 1205 477 1272 primi
496 1205 624 1272 inrupere
642 1204 770 1272 patentis,

115 1280 173 1332 llos
191 1281 300 1334 inimica
319 1298 401 1349 super
420 1281 506 1334 mixto
524 1281 626 1349 premit
645 1280 753 1347 agmine
769 1279 866 1343 turba;
930 1289 969 1328 oso

111 1355 136 1407 N
139 1372 170 1410 ec
189 1357 315 1409 miseram
334 1357 469 1424 effugiunt
487 1360 611 1423 mortem,
631 1355 680 1409 sed
699 1355 792 1408 limine
810 1356 837 1408 in
856 1355 915 1423 ipso

111 1429 254 1485 Moenibus
272 1433 300 1485 in
319 1433 415 1500 patriis
433 1436 517 1501 atque
534 1432 608 1485 inter
625 1436 686 1484 tuta
705 1431 846 1484 domorum

111 1507 219 1560 Confixi
238 1509 378 1575 exspirant
397 1509 507 1562 animas.
547 1509 614 1560 Pars
633 1507 759 1560 claudere
777 1512 885 1575 portas;

112 1581 167 1636 Nec
187 1584 266 1636 sociis
285 1585 392 1652 aperire
411 1585 490 1652 viam,
508 1600 558 1638 nec
576 1583 719 1637 moenibus
738 1583 840 1636 audent

111 1659 243 1728 Accipere
262 1661 378 1724 orantis;
398 1659 540 1729 oriturque
558 1660 710 1713 miserrima
728 1660 826 1713 caedes
929 1675 969 1714 sss

111 1733 312 1788 Defendentum
331 1737 414 1789 armis
433 1737 532 1805 aditus,
552 1737 635 1806 inque
655 1753 731 1789 arma
749 1740 882 1789 ruentum.

110 1811 219 1864 Exclusi
236 1817 301 1866 anto
320 1813 410 1866 oculos
429 1813 676 1880 lacrimantumque
693 1829 740 1865 ora
757 1815 902 1880 parentum

111 1887 177 1942 Pars
196 1887 224 1940 in
243 1891 402 1958 praecipitis
421 1890 507 1942 fossas
526 1893 662 1956 urguente
680 1889 758 1942 ruina

110 1962 243 2032 Volvitur,
262 1965 379 2018 inmissis
398 1984 461 2035 pars
480 1983 559 2019 caeca
579 1969 607 2018 et
626 1967 731 2018 concita
749 1965 833 2018 frenis

111 2042 222 2094 Arietat
241 2042 268 2094 in
287 2047 379 2111 portas
399 2047 427 2096 et
446 2043 529 2094 duros
550 2041 636 2094 obiice
655 2042 747 2109 postis.
930 2055 970 2094 sse

111 2117 189 2184 ipsae
209 2117 244 2170 de
263 2119 348 2171 muris
368 2136 472 2171 summo
492 2119 642 2172 certamine
658 2109 803 2183 matres]—

109 2191 245 2246 Monstrat
264 2212 339 2247 amor
358 2212 439 2248 verus
457 2195 631 2263 patriae—ut
649 2193 743 2246 videre
765 2192 913 2259 Camillam,

109 2267 172 2322 Tela
190 2287 272 2322 manu
291 2271 417 2339 trepidae
435 2271 544 2337 iaciunt,
565 2287 595 2323 ac
613 2270 711 2323 roboro
730 2269 798 2322 duro

109 2345 255 2413 Stipitibus
274 2347 378 2398 ferrum
398 2347 567 2416 sudibusque
585 2347 728 2399 imitantur
746 2345 850 2399 obustis

110 2421 285 2489 Praecipites,
299 2423 459 2490 primaeque
472 2424 540 2476 mori
553 2440 602 2491 pro
615 2421 757 2475 moenibus
770 2421 875 2477 ardent.
931 2437 969 2478 ⁸⁹5

145 2497 255 2551 Interea
274 2499 394 2551 Turnum
413 2500 440 2551 in
460 2501 535 2552 silvis
555 2499 730 2552 saevissimus
748 2498 834 2566 inplet

109 2573 234 2641 Nuntius,
254 2579 283 2627 et
300 2576 391 2628 inveni
410 2576 550 2644 ingentem
569 2576 624 2628 fert
644 2576 718 2628 Acca
736 2575 902 2627 tumultum:

109 2649 220 2703 Deletas
243 2651 401 2704 Volscorum
420 2653 499 2720 aciae,
518 2651 650 2705 cecidisse
670 2651 819 2715 Camillam,

110 2725 242 2792 ingruere
261 2728 381 2780 infensos
399 2728 492 2794 hostis,
513 2731 542 2780 et
561 2727 651 2780 Marte
671 2725 788 2780 secundo

110 2800 207 2854 Omnia
224 2804 393 2872 corripuisse,
413 2807 517 2856 metum
537 2804 590 2855 iam
609 2802 645 2855 ad
662 2802 769 2856 moenia
787 2801 862 2854 ferri.
929 2815 970 2853 uro

109 2874 160 2928 Ille
177 2877 334 2932 furens-et
353 2896 433 2932 saeva
453 2879 525 2932 Iovis
544 2879 582 2931 sic
600 2879 710 2931 numina
727 2881 871 2946 poscunt-

109 2948 219 3006 Deserit
237 2953 361 3008 obsessos
379 2955 462 3019 collis,
480 2971 592 3008 nemora
610 2971 707 3022 aspera
724 2952 829 3020 linquit.

109 3024 164 3078 Vix
182 3045 198 3080 e
215 3033 362 3096 conspectu
381 3030 486 3082 exierat
505 3046 685 3098 campumque
703 3027 824 3094 tenebat,

109 3099 178 3153 Cum
197 3106 277 3170 pater
297 3106 413 3170 Aeneas,
433 3103 519 3157 saltus
537 3105 675 3171 ingressus
694 3107 812 3172 apertos,

112 3172 318 3246 Exsuperatque
335 3180 428 3245 iugum
449 3179 570 3246 silvaque
588 3179 682 3237 evadit
701 3196 792 3246 opaca.
928 3194 968 3234 eos
