2234 3554
119 104 168 152 aaa
352 101 380 162 r.
400 100 553 148 vsaemi
571 100 738 147 araleonis

115 183 276 237 Concretam
295 181 396 235 exemit
413 180 510 247 labem,
529 196 684 248 purumque
703 179 833 248 relinquit

115 259 277 312 Aetherium
296 275 404 311 sensum
423 263 506 326 atque
524 257 600 308 aurai
619 257 747 325 simplicis
765 257 866 324 ignem.

115 336 175 388 Has
192 335 286 402 omnis,
305 334 351 386 ubi
371 333 444 386 mille
462 339 551 387 rotam
570 333 680 387 volvere
698 351 749 402 per
767 350 859 400 annos,

114 411 265 464 Lethaeum
284 411 319 463 ad
337 411 448 464 fluvium
467 411 534 464 deus
553 414 648 464 evocat
666 411 775 478 agmine
793 425 900 477 magno,

114 487 222 542 Scilicet
238 489 401 562 inmemores
420 504 518 556 supera
536 491 570 540 ut
587 503 708 541 convexa
726 487 848 540 revisant
934 501 971 541 tte

114 562 219 618 ltursus
237 569 265 617 et
283 564 414 631 incipiant
432 564 460 616 in
478 581 591 632 corpora
610 565 679 618 velle
697 565 806 618 reverti.

148 641 264 694 Dixerat
282 641 423 706 Anchises,¹
442 645 593 708 natumque
611 657 720 710 unaque
740 640 871 710 Sibyllam

114 716 270 770 Conventus
287 715 374 769 trahit
391 716 419 768 in
438 716 545 769 medios
561 717 727 786 turbamque
745 722 895 786 sonantem,

115 793 149 846 llt
167 793 302 846 tumulum
322 793 403 861 capit,
421 792 495 846 unde
514 794 602 847 omnis
618 793 699 862 longo
717 793 813 848 ordine
830 795 917 864 possit

115 869 252 921 Adversas
270 869 369 936 legere,
388 873 416 922 et
434 870 590 924 venientum
608 870 714 924 discere
732 870 830 926 voltus
933 885 969 925 tte

147 945 226 998 Nunc
245 961 302 1012 age,
322 945 488 998 Dardaniam
505 946 609 1014 prolem
627 963 697 1013 quae
715 947 815 1000 deinde
837 953 968 1014 sequatur

113 1019 213 1088 Gloria,
233 1022 279 1090 qui
298 1026 425 1076 niaueant
444 1022 517 1074 Itala
534 1022 570 1075 de
587 1027 669 1090 gente
687 1027 809 1091 nepotes,
976 1025 982 1038 '

114 1097 241 1150 Inlustris
259 1099 364 1152 animas
379 1102 557 1166 nostrumque
574 1100 602 1151 in
620 1116 718 1152 nomen
735 1099 829 1167 ituras,
903 1131 904 1140 κ

113 1173 264 1243 Expediam
283 1175 371 1240 dictis,
391 1179 420 1228 et
437 1179 467 1229 te
484 1180 532 1230 tua
549 1176 607 1228 fata
625 1175 735 1230 docebo.

114 1250 172 1316 llle,
190 1251 275 1318 vidae,
293 1267 363 1319 pura
380 1251 487 1304 iuvenis
504 1253 551 1321 qui
568 1253 665 1306 nititur
682 1253 769 1311 hasta.
930 1267 969 1306 ree

115 1326 250 1380 Proxuma
267 1331 341 1380 sorte
359 1331 436 1381 tenet
454 1329 522 1382 lueis
540 1329 605 1395 loeo,
624 1330 726 1398 primus
744 1328 780 1382 ad
798 1345 879 1382 auras

114 1402 262 1456 Aetherias
280 1403 354 1456 Italo
370 1405 533 1458 commixtus
552 1405 683 1472 sanguine
701 1409 805 1472 surget,

113 1477 219 1545 Silvius,
239 1478 376 1531 Albanum
394 1496 501 1546 nomen,
520 1485 568 1534 tua
585 1485 712 1549 postuma
728 1481 828 1550 proles,

113 1553 199 1616 Quem
218 1553 270 1607 tibi
289 1555 420 1622 longaeve
440 1573 531 1609 serum
551 1557 665 1610 Lavinia
681 1559 798 1611 coniunx

113 1629 220 1683 lldueet
238 1630 312 1683 silvis
331 1648 424 1698 regem
442 1649 595 1700 regumque
611 1638 761 1702 parentem,
929 1647 966 1688 7oe

114 1705 194 1759 Unde
211 1723 297 1775 genus
316 1707 411 1775 Longa
428 1712 552 1762 nestrum
571 1709 757 1763 dominabitur
776 1708 855 1764 Alba

117 1781 264 1836 l’roxumus
282 1783 328 1836 ille
348 1784 454 1851 Procas,
475 1785 606 1840 Troianae
623 1786 709 1854 gloria
726 1786 823 1854 gentis,

114 1857 149 1910 llt
168 1859 262 1926 Capys,
282 1863 311 1913 et
329 1860 465 1928 Numitor,
486 1865 515 1916 et
533 1863 579 1930 qui
597 1866 627 1916 ta
645 1863 754 1916 nomine
773 1863 874 1918 reddet

113 1933 210 1987 Silvius
230 1938 347 2002 Aeneas,
365 1939 471 2006 pariter
489 1939 593 2008 pietate
611 1938 653 1992 vel
671 1940 754 1991 aruris

113 2009 253 2080 llgregius,
266 2013 288 2066 si
300 2030 429 2082 umquam
442 2015 608 2083 regnandam
622 2015 758 2083 acceperit
773 2014 879 2068 Albam.
929 2030 967 2071 πο

112 2086 164 2148 tlul
181 2087 305 2144 iuvenes!
325 2096 441 2157 quantas
460 2096 607 2160 ostentant,
626 2091 724 2159 aspice,
742 2091 814 2158 viris,

112 2163 207 2232 Atque
224 2165 352 2220 umbrata
368 2173 468 2234 genunt
485 2169 556 2222 civili
573 2172 697 2242 tempora
714 2171 832 2234 quercu!

112 2239 151 2292 lli
168 2241 219 2294 tibi
237 2241 404 2297 Nomentum
423 2248 451 2296 et
471 2245 570 2298 Gabios
589 2245 741 2312 urbemque
759 2243 901 2310 Fidenam,

113 2314 151 2368 lli
170 2317 316 2372 Collatinas
334 2319 465 2387 inponent
482 2321 618 2374 montibus
636 2337 720 2386 arces,

114 2393 249 2446 Pometios
268 2393 450 2461 Castrumque
471 2396 531 2450 lnui
552 2397 703 2466 Bolamque
723 2396 882 2465 Coramque.
928 2413 966 2454 77⁵

114 2469 189 2521 llaec
201 2471 260 2522 tum
273 2469 382 2522 nentina
395 2475 483 2538 erunt,
497 2489 567 2526 nune
580 2477 644 2528 sunt
657 2474 715 2526 sine
728 2473 836 2526 nomine
848 2477 947 2530 aenae.

112 2544 183 2608 Quin
201 2546 230 2596 et
248 2560 297 2596 avo
316 2546 443 2600 comitem
462 2565 522 2602 sese
542 2549 692 2604 Mavortius
710 2549 797 2604 addet

113 2619 250 2686 ltomulus,
271 2622 397 2675 Assaraci
416 2641 497 2693 quem
515 2626 653 2693 sanguinis
673 2626 726 2679 Ilia
743 2630 832 2680 mater

112 2695 224 2750 Educet.
261 2695 367 2764 Viden’,
385 2703 418 2754 ut
434 2702 559 2770 geminae
578 2706 653 2755 stant
670 2703 772 2756 vertice
789 2703 895 2768 cristae,

112 2773 148 2826 llt
164 2775 244 2840 pater
262 2771 321 2840 ipse
340 2791 388 2829 suo
406 2795 533 2846 superum
552 2777 605 2831 iam
624 2779 713 2845 signat
730 2777 848 2832 honorel
928 2793 967 2843 rso

111 2847 160 2914 lln,
178 2848 265 2914 huius,
284 2853 356 2916 nate,
374 2853 500 2922 auspiciis
519 2853 564 2906 illa
582 2853 684 2906 incluta
703 2853 791 2908 Roma

112 2923 252 2992 Inperium
270 2927 359 2992 terris,
377 2929 481 2981 animos
499 2927 628 2996 aequabit
647 2927 769 2998 Olympo,

111 2998 279 3068 Septemque
296 3017 350 3056 una
368 3004 419 3057 sibi
437 3021 515 3057 muro
533 3005 713 3058 circumdabit
731 3023 814 3070 arces,

111 3074 189 3128 Felix
206 3075 283 3143 prole
301 3079 402 3134 virum:
421 3081 510 3148 qualis
529 3080 690 3148 Berecyntia
707 3087 797 3140 mater

112 3149 255 3204 Invehitur
272 3167 354 3208 curru
376 3156 506 3224 Phrygias
524 3156 625 3208 turrita
642 3174 691 3224 per
709 3158 801 3224 trebes,
928 3175 965 3218 sss
