2234 3554
411 164 596 235 Annuiees
613 165 684 214 ere.
703 165 737 212 v.
956 165 1000 212 161

153 247 246 313 Quove
263 246 351 314 magis
368 245 454 300 fessas
471 248 564 314 optem
582 245 729 299 demittere
747 246 832 314 navis,

153 323 240 388 Quam
258 339 328 392 quae
346 322 514 376 Dardanium
533 321 615 375 tellus
633 321 698 374 mihi
716 325 808 376 servat
826 321 955 390 Acesten,
981 335 1004 375 su

151 399 189 454 Et
206 401 294 468 petris
313 399 450 452 Anchisae
468 399 572 466 gremio
591 398 773 467 conplectitur
790 400 866 454 essai

153 477 230 530 Haec
246 476 293 530 ubi
311 476 392 544 dicta
411 480 510 544 petunt
528 479 631 544 portus,
649 480 678 529 et
695 476 756 530 vela
773 476 884 530 secundi

153 552 306 607 Intendunt
324 552 455 620 Zephyri;
471 553 560 606 fertur
578 552 634 606 cita
650 553 760 620 gurgite
778 553 879 622 elassis,

152 629 189 684 Et
206 630 318 684 tandem
335 629 402 682 laeti
418 632 500 682 notae
518 629 700 683 advertuntur
718 646 824 684 arenae.

188 709 229 761 At
246 705 340 776 procul
359 705 465 758 excelso
483 706 598 760 miratus
616 707 718 760 vertice
736 707 836 760 montis
982 717 1007 756 se

152 783 312 836 Adventum
330 782 470 850 sociasque
488 785 562 836 retes
579 783 697 836 occurrit
717 787 841 850 Acestes,

153 859 290 912 Horridus
308 858 335 911 in
354 857 446 912 iaculis
464 861 494 912 et
511 859 582 926 pelle
602 859 751 928 Libystidis
767 876 856 928 ursae,

152 935 232 988 Troia
250 935 365 989 Orimiso
383 937 544 1003 conceptum
561 935 672 988 flumine
689 940 779 990 mater

152 1010 239 1076 Quem
256 1011 358 1078 genuit.
396 1010 530 1064 Veterum
547 1028 601 1065 non
619 1013 752 1065 inmemor
769 1013 816 1068 ille
832 1015 979 1084 pareutum

151 1089 286 1142 Gratatur
301 1087 418 1142 reduces
435 1093 464 1142 et
481 1104 549 1156 gaza
566 1088 654 1142 lesbus
672 1091 774 1158 agresti
981 1102 1005 1142 eo

152 1164 268 1233 Excipit,
285 1181 317 1218 ac
334 1165 420 1218 fessos
437 1165 535 1233 opibus
552 1165 656 1218 solatur
672 1166 772 1220 amicis.

188 1241 302 1295 Postera
319 1257 381 1295 cum
398 1241 486 1310 primo
503 1241 598 1295 stellas
616 1241 730 1296 Oriente
747 1242 856 1310 fugarat

152 1316 234 1371 Clara
251 1317 319 1385 dies,
337 1317 424 1371 socios
441 1317 470 1370 in
488 1321 596 1372 coetum
615 1318 696 1372 litore
713 1318 749 1372 ab
767 1318 840 1372 omni

153 1393 279 1448 Advoeat
298 1395 414 1460 Aeneas,
433 1395 585 1462 tumulique
603 1411 638 1448 ex
656 1411 756 1463 aggere
773 1395 860 1449 satur:

152 1469 327 1524 Dardanidae
344 1471 444 1538 magni,
461 1487 548 1539 genus
566 1471 622 1524 alto
640 1487 657 1524 a
675 1472 806 1540 sanguine
824 1470 924 1538 divom,
980 1485 1005 1524 se

152 1546 269 1600 Annuus
287 1547 390 1600 exactis
408 1546 550 1615 conpletur
567 1546 706 1601 mensibus
724 1547 806 1615 orbis,

154 1622 194 1675 Ex
212 1639 266 1692 quo
283 1622 413 1691 reliquias
433 1623 575 1691 divinique
593 1639 655 1677 ossa
672 1625 794 1692 parentis

152 1698 331 1752 Condidimus
348 1703 425 1752 terra
441 1703 615 1767 maestasque
635 1702 800 1754 sacravimus
819 1717 887 1755 aras.

153 1775 267 1844 lamque
285 1775 351 1842 dies,
369 1775 421 1828 nisi
439 1774 525 1842 fallor,
543 1776 630 1842 adest,
646 1793 727 1844 quem
744 1793 852 1846 semper
868 1775 1005 1841 acerbum,

151 1851 266 1921 Semper
283 1852 520 1906 honoratum-sie
538 1852 567 1904 di
586 1853 860 1906 voluistis—habebo.
981 1864 1006 1904 ee

152 1929 233 1983 Hunc
251 1945 302 1997 ego
320 1928 443 1982 Gaetulis
460 1945 572 1996 egerem
590 1929 613 1982 si
632 1929 756 1997 Syrtibus
774 1929 860 1996 exsul,

152 2005 314 2073 Argolicove
331 2005 400 2058 mari
418 2005 569 2074 deprensus
587 2009 616 2059 et
634 2005 702 2058 urbe
720 2006 858 2074 Mycenae,

152 2083 252 2136 Annua
269 2087 333 2135 vota
350 2085 443 2136 tamen
461 2081 654 2150 sollemnisque
671 2081 768 2135 ordine
785 2097 897 2150 pompas

151 2158 332 2226 Exsequerer,
350 2164 541 2227 strueremque
559 2159 614 2212 suis
632 2158 730 2212 altaria
747 2158 833 2212 donis.

151 2234 231 2287 Nunc
248 2234 321 2288 ultro
339 2235 376 2288 ad
394 2235 500 2289 eineres
518 2236 603 2304 ipsius
621 2239 650 2289 et
667 2251 729 2289 ossa
746 2235 874 2304 parentis,
982 2247 1006 2286 es

152 2310 237 2365 Haud
254 2311 382 2378 equidem
401 2312 458 2365 sine
476 2316 568 2366 mente
586 2329 656 2379 reor,
676 2312 733 2366 sine
751 2311 860 2365 numine
878 2309 976 2375 divom,

153 2387 293 2440 Adsumus
310 2391 339 2441 et
356 2391 454 2456 portus
472 2388 557 2442 delati
574 2389 709 2442 intramus
726 2388 834 2442 amicos.

152 2463 227 2531 Ergo
244 2464 326 2532 agite,
346 2468 375 2518 et
392 2465 494 2519 laetum
512 2466 604 2519 cuncti
622 2465 791 2519 celebremus
809 2465 955 2526 honorem3

60 2609 64 2614 Ι
152 2538 298 2594 Posesmus
316 2544 420 2609 ventos,
438 2546 522 2611 atque
539 2542 607 2596 baec
624 2559 669 2596 me
686 2559 764 2596 saera
782 2545 849 2609 quot
867 2539 943 2594 annis

151 2617 227 2672 Urbe
245 2619 312 2674 velit
329 2620 418 2689 posita
436 2618 548 2688 templis
566 2618 618 2674 sibi
636 2619 709 2672 serre
728 2619 832 2672 dicatis.
982 2629 1007 2667 eo

152 2695 220 2748 Bina
237 2695 320 2749 boum
339 2696 416 2749 vobis
434 2695 516 2749 Troia
532 2698 680 2764 generatus
700 2696 817 2748 Acestes

151 2769 206 2825 Dat
224 2788 337 2826 numero
354 2772 444 2840 capita
461 2773 490 2825 in
508 2772 600 2837 navis;
618 2771 748 2825 adhibete
768 2769 879 2823 Penatis

151 2846 187 2900 lit
205 2849 308 2917 patrios
327 2847 414 2916 epulis
433 2851 462 2901 et
480 2864 548 2916 quos
566 2848 630 2901 colit
649 2847 748 2915 hospes
769 2847 891 2898 Acestes.

151 2923 306 2991 Praeterea,
325 2925 348 2977 si
365 2941 437 2976 noua
454 2923 528 2978 diem
546 2922 707 2977 mortalibus
724 2922 825 2975 almum

151 3001 261 3053 Aurora
279 2999 410 3053 extuderit
427 3001 565 3069 radiisque
583 2999 717 3052 retexerit
735 2997 838 3062 orbem,
984 3005 1009 3044 ῦὸ

152 3075 244 3129 Prima
261 3076 332 3128 citae
350 3075 461 3128 Teucris
478 3092 578 3144 penam
595 3075 744 3128 certamina
762 3073 869 3138 classis;

152 3149 260 3221 Quique
276 3149 379 3219 pedum
398 3167 478 3204 cursu
496 3151 578 3219 valet,
597 3155 626 3204 et
644 3151 691 3220 qui
708 3149 810 3204 viribus
828 3147 919 3202 audax

152 3228 212 3284 Aut
228 3227 317 3284 iaculo
333 3226 437 3280 incedit
454 3228 551 3282 melior
567 3228 728 3297 levibusque
745 3226 862 3296 sagittis,
