2232 3556
420 123 602 172 AENEIDOS
619 123 689 171 LIB.
708 123 759 172 XI.
971 127 1018 172 299

165 209 262 265 Dicam
280 210 415 278 equidem,
427 209 492 264 licet
510 227 586 263 arma
601 210 667 262 mihi
682 214 852 280 mortemque
866 212 1020 266 minetur-

167 288 282 342 Lumina
299 289 343 340 tot
360 286 491 340 cecidisse
510 287 609 340 ducum
627 291 770 355 tota-mque
788 289 913 342 videmus

167 363 327 416 consedisse
346 362 442 416 urbem
461 362 543 427 luctu,
562 363 629 416 dum
647 363 727 416 Troia
745 368 864 430 temptat
984 381 1020 420 eso

166 438 273 505 Castra,
290 437 372 505 fugae
390 437 486 504 fidens,
505 441 534 492 et
552 439 658 492 caelum
675 443 787 494 territet
804 441 897 496 armis.

168 506 257 568 Unum
276 514 359 568 etiam
378 513 455 567 donis
473 515 541 581 istis,
561 531 631 582 quae
649 515 767 582 plurima
785 517 858 570 mitti

166 591 334 644 Dardanidis
352 591 461 660 dicique
479 591 562 656 iubes,
581 609 673 658 unum,
692 595 804 660 optume
822 609 927 661 regum,

167 668 304 732 Adiicias;
328 684 377 721 nec
396 671 425 720 te
443 668 524 720 ullius
542 668 672 721 violentia
689 669 788 736 vincat,

167 744 237 808 Quin
254 750 347 799 natam
365 747 475 814 egregio
493 763 594 815 genero
613 747 758 815 dignisque
776 747 932 814 hymenaeis
982 761 1019 800 355

166 821 221 874 Des
239 825 325 890 pater,
345 827 374 876 et
391 839 486 891 pacem
505 823 573 876 hanc
591 826 704 876 aeterno
721 823 833 877 foedere
851 824 952 878 firmes.

165 897 285 961 Quodsi
304 903 397 952 tentus
415 899 501 952 habet
519 903 625 952 montes
643 903 672 952 et
689 903 800 967 pectora
817 904 914 967 terror,

165 973 259 1041 Ipsum
278 974 458 1042 obtestemur,
476 975 637 1043 veniamque
656 992 765 1029 oremus
783 975 817 1028 ab
835 976 907 1044 ipso:

164 1049 261 1115 Cedat,
279 1051 322 1104 ins
340 1052 480 1119 proprium
498 1051 556 1118 regi
575 1052 736 1120 patriaeque
754 1053 848 1105 remitt
866 1055 885 1106 t.

165 1126 237 1188 Quid
254 1127 367 1180 miseros
385 1128 486 1180 totiens
503 1127 532 1178 in
550 1132 646 1195 aperta
663 1127 784 1195 pericula
801 1128 867 1182 civis
982 1143 1019 1182 mo

166 1201 284 1267 l'roiicis,
303 1220 319 1255 ο
338 1203 417 1256 Latio
435 1206 519 1271 caput
535 1203 632 1256 horum
650 1209 679 1256 et
697 1220 793 1257 caussa
809 1205 960 1258 melorum?

165 1275 248 1330 Nulla
265 1279 337 1332 salus
355 1279 441 1345 hell03
465 1296 560 1348 pacem
579 1282 608 1332 te
626 1281 762 1348 poscimus
781 1297 882 1347 omnes,

93 1367 95 1370 ·
164 1352 262 1419 Turne,
280 1355 360 1408 simul
378 1356 452 1423 pacis
471 1355 557 1408 solum
576 1356 730 1410 inviolabile
748 1357 854 1424 pignus.

165 1428 273 1482 Primus
291 1447 348 1498 ego,
367 1431 484 1485 invisum
502 1449 583 1500 quem
603 1435 635 1485 tu
653 1432 704 1485 tibi
722 1433 810 1499 fingis,
829 1436 858 1486 et
876 1449 936 1486 esse

164 1505 209 1558 Nil
228 1523 325 1572 moror,
338 1524 372 1560 en
391 1509 505 1576 supplex
524 1509 609 1562 venio.
646 1509 779 1562 Miserere
793 1513 910 1575 tuorum,
980 1523 1018 1564 scs

164 1582 237 1635 Pone
255 1583 366 1650 animos,
385 1589 414 1638 et
431 1585 525 1652 pulsus
543 1585 595 1639 ahi.
633 1585 681 1640 Sat
699 1586 795 1638 funera
812 1585 866 1638 fusi

163 1657 297 1725 Vidimus,
316 1659 434 1726 ingentis
453 1665 481 1714 et
499 1660 681 1714 desolavimus
700 1679 787 1730 agros

163 1734 229 1802 Aut,
248 1735 271 1787 si
289 1735 361 1788 fama
379 1739 478 1802 movet,
497 1736 519 1789 si
538 1740 646 1792 tantum
664 1743 777 1806 pectore
794 1737 878 1790 robur

163 1810 294 1878 Concipis‚
314 1815 342 1863 et
361 1811 383 1864 si
401 1812 471 1864 adeo
489 1812 589 1864 dotalis
607 1813 684 1878 regia
701 1813 776 1865 cordi
795 1816 845 1880 est,

163 1885 254 1948 Ande,
266 1889 350 1954 atque
369 1887 514 1938 adversum
533 1887 620 1938 fidens
636 1887 677 1938 ler
691 1891 787 1954 pectus
802 1889 830 1940 in
844 1889 957 1943 hostem.
980 1903 1017 1944 oro

163 1959 279 2026 Scilicet,
297 1964 328 2012 ut
347 1960 437 2012 Turno
455 1961 597 2026 contingat
615 1962 690 2026 regia
708 1963 832 2030 coniunx,

163 2035 188 2087 N
191 2051 228 2100 os,
247 2033 354 2086 animae
372 2035 447 2102 viles,
464 2034 605 2088 inhumata
622 2036 770 2104 infletaque
788 2038 878 2105 turbo,

163 2111 324 2164 sternamur
341 2111 449 2178 campis.
488 2111 578 2162 Etiam
597 2115 636 2177 tu,
654 2113 677 2164 si
695 2129 750 2179 qua
767 2113 819 2166 tihi
836 2114 884 2181 vis,

163 2187 191 2240 si
209 2186 293 2254 patrii
312 2185 379 2252 quid
397 2185 497 2240 Martis
514 2186 606 2252 habes,
625 2187 701 2240 illum
720 2188 811 2256 aspice
829 2193 930 2256 contra,

163 2263 216 2326 Qui
236 2265 322 2316 vocat.
981 2280 1017 2321 ms

197 2337 308 2392 Talibus
327 2339 430 2392 exarsit
448 2339 530 2392 dictis
548 2339 677 2393 violentia
695 2340 799 2405 Turni3

164 2411 218 2466 Dat
236 2415 375 2482 gemitum,
394 2415 552 2483 rumpitque
570 2415 619 2469 has
637 2416 691 2469 imo
709 2421 819 2485 pectore
837 2433 931 2472 voces:

164 2489 253 2558 Larga
271 2491 388 2558 quidem,
409 2491 525 2557 Drance,
547 2509 656 2560 semper
673 2492 725 2546 tihi
742 2493 820 2560 copia
836 2494 912 2547 fandi

163 2566 239 2634 Tum,
257 2583 318 2619 curn
336 2566 409 2620 bella
426 2585 522 2620 manus
540 2573 669 2636 poscunt;
693 2569 872 2637 patribusque
890 2571 993 2625 vocatis

164 2641 271 2694 Primus
286 2642 360 2695 ades.
398 2642 452 2697 seu
471 2661 525 2696 non
541 2644 673 2712 replenda
692 2649 736 2698 est
753 2645 828 2697 curia
846 2645 943 2711 verbis,
978 2661 1016 2700 seo

163 2717 238 2781 Quae
257 2721 318 2772 tuto
336 2718 387 2771 tibi
406 2736 504 2786 magna
521 2719 619 2782 volant,
636 2720 702 2774 dum
721 2721 836 2774 distinet
854 2722 960 2775 hostem

163 2795 258 2860 Agger
276 2811 424 2862 murorum,
442 2812 492 2848 nec
509 2795 643 2850 inundant
661 2798 791 2864 sanguine
809 2797 904 2850 fossae.

164 2868 282 2922 Proinde
301 2873 367 2924 tona
386 2871 501 2939 eloquio,
520 2873 630 2926 solitum
649 2872 714 2937 tibi;
739 2889 838 2940 meque
858 2873 964 2926 timoris

163 2947 259 3013 Argue
277 2949 315 3012 tu,
333 2946 448 3014 Drance,
467 2949 575 3015 quando
594 2952 637 3002 tot
655 2949 754 3016 stragis
772 2965 881 3002 acervos

163 3021 328 3074 Teucrorum
346 3025 395 3076 tua
413 3022 511 3078 dextra
529 3023 614 3089 dedit,
632 3025 787 3093 passimque
805 3025 925 3092 tropaeis
978 3039 1014 3077 sos

164 3097 283 3166 Insignis
301 3115 388 3166 agros.
426 3099 516 3155 Possit
534 3101 601 3170 quid
619 3101 710 3154 vivida
728 3101 822 3168 virtus,

164 3173 312 3298 Εκρὲζίειτθ
330 3175 409 3241 licet3
429 3193 479 3232 nec
496 3178 576 3246 louge
595 3177 697 3230 scilicet
714 3177 807 3230 hostes
