2274 3554
434 97 615 184 AENEPDOS
634 135 704 188 LIB.
724 136 745 186 1.
982 137 1013 185 93

160 217 283 286 Rupibus
302 217 438 284 excidunt,
458 217 561 270 scaenis
580 215 679 270 decora
697 216 754 270 alta
771 215 876 272 futuris.

159 294 251 358 Qualis
270 309 335 362 apes
354 296 460 346 aestate
478 309 548 346 nova
566 309 616 360 per
634 291 718 345 llorea
735 309 799 346 rura
977 308 1014 350 mo

161 371 278 424 Exercet
297 369 349 422 sub
367 369 422 422 sole
441 368 525 436 labor,
544 386 605 422 curn
623 369 715 436 gentis
733 370 842 424 adultos

159 447 287 500 Educunt
306 445 386 511 letus,
406 449 453 498 aut
472 463 533 498 cum
551 445 683 514 liquentia
701 446 782 499 mella

159 525 268 593 Stipant
287 526 316 576 et
336 522 407 575 dulei
427 521 588 576 distendunt
607 527 717 577 nectare
735 523 823 589 cellas,

162 602 219 654 Aut
238 616 320 653 onera
339 599 473 666 accipiunt
492 599 649 655 venientum
667 603 714 654 aut
732 602 838 669 agmine
856 603 928 654 laeto

160 677 293 744 Ignavum
312 676 387 728 fucos
405 692 487 744 pecus
507 691 524 728 a
541 676 718 745 praesepibus
736 681 842 732 arcent:
978 695 1014 734 es

160 751 262 808 Fervet
280 770 354 821 opus,
373 752 553 820 redolentque
572 753 664 821 thymo
683 754 832 822 fragrantia
849 753 936 807 mella

160 829 184 882 Ο
202 829 342 895 fortunati,
362 846 476 898 quorum
494 830 548 882 iam
566 831 672 884 moenia
691 835 821 900 surgunt!

161 908 270 960 Aeneas
288 907 333 972 ait,
353 909 382 959 et
400 906 508 974 fastigia
527 907 638 975 suspicit
656 907 738 961 urbis.

163 983 251 1036 infert
269 1000 298 1036 se
317 987 426 1050 saeptus
445 983 700 1036 nebula-mirabile
719 983 827 1038 dictu-

163 1058 215 1112 l'er
232 1059 342 1124 medios,
360 1060 508 1128 miscetque
527 1060 598 1126 viris,
618 1076 705 1128 neque
723 1060 843 1113 cernitur
859 1060 914 1113 ulli.
977 1075 1014 1114 ero

195 1134 284 1188 Lucus
300 1137 329 1188 in
346 1137 415 1190 urbo
433 1135 486 1189 luit
504 1136 603 1202 media,
622 1136 785 1189 laetissimus
803 1136 925 1202 umbrae,

161 1211 221 1276 Quo
238 1213 355 1280 primum
372 1213 466 1266 iactati
483 1213 563 1266 undis
582 1215 610 1265 et
628 1212 739 1266 turbine
758 1212 842 1266 Poeni

161 1285 288 1342 llffodere
305 1289 362 1342 loeo
381 1291 495 1358 signum,
515 1290 590 1357 qnod
608 1290 683 1356 regin
703 1289 772 1342 Iuno

161 1363 336 1433 Monstrarat,
356 1370 438 1434 caput
458 1367 527 1419 acris
546 1367 622 1435 equi;
643 1366 680 1419 sic
698 1383 761 1419 nam
779 1366 837 1419 fore
854 1365 927 1419 bello

162 1441 304 1509 Egregiam
323 1446 352 1496 et
370 1443 477 1497 facilem
496 1444 568 1497 victu
586 1461 636 1512 per
654 1443 760 1498 saccula
777 1446 893 1512 gentem.
977 1456 1013 1497 aas

164 1518 215 1570 llic
233 1519 364 1586 templum
386 1520 482 1574 Iunoni
500 1522 595 1589 ingens
615 1519 725 1574 Sidonia
744 1520 817 1573 Dido

162 1592 310 1662 Condebat,
330 1595 407 1650 donis
426 1597 584 1665 opulentum
603 1601 632 1651 et
649 1598 759 1650 numine
777 1597 863 1665 divae,

162 1672 253 1723 Aerea
271 1671 313 1724 cui
330 1673 461 1740 gradibus
481 1675 629 1742 surgebant
647 1673 740 1727 limina
758 1689 896 1743 nexaeque

162 1747 236 1800 Aere
255 1749 354 1816 trabes,
373 1751 475 1804 foribus
495 1751 577 1803 cardo
596 1750 731 1804 stridebat
749 1751 830 1803 aenis.

163 1823 222 1876 Hoc
240 1825 358 1892 primum
375 1827 402 1878 in
421 1826 480 1878 lueo
500 1843 569 1879 nova
586 1842 631 1878 res
649 1826 740 1878 oblata
758 1825 883 1878 timorem
978 1838 1014 1878 loo

161 1897 259 1965 Leniit‚
277 1899 320 1952 lric
338 1901 455 1968 primum
475 1904 584 1954 Aeneas
604 1917 713 1968 sperare
733 1901 848 1953 salutem

163 1977 255 2027 Ausus
274 1978 302 2026 et
320 1975 436 2028 adflictis
454 1977 551 2028 melius
569 1976 705 2028 confidere
723 1975 811 2028 rebus.

163 2049 288 2115 lamque
307 2051 358 2102 sub
375 2051 480 2118 ingenti
498 2051 598 2102 lustrat
617 2049 682 2102 dum
701 2050 807 2116 singula
823 2049 933 2117 templo,

164 2122 298 2189 Reginam
316 2127 467 2194 opperiens,
487 2126 559 2191 dum,
577 2142 647 2194 quae
666 2126 788 2178 Fortuna
806 2125 841 2178 sit
858 2123 925 2188 urbi,

164 2198 364 2270 Artificumque
382 2220 478 2256 manus
495 2203 567 2256 inter
586 2219 615 2255 se
633 2217 799 2271 operumque
817 2199 937 2254 laborem
980 2215 1015 2256 les

164 2273 289 2343 Miratur,
309 2278 385 2333 videt
404 2280 502 2334 Iliacas
521 2297 555 2334 ex
573 2279 668 2332 ordine
685 2276 790 2349 pugnas

163 2350 295 2421 Bellaque
313 2355 366 2409 iam
385 2357 457 2410 lania
475 2360 564 2410 totum
582 2356 691 2424 volgata
708 2373 759 2424 per
776 2356 876 2420 orbem,

163 2429 284 2495 Atridas,
304 2431 503 2502 Priamumque,
523 2437 552 2487 et
571 2450 680 2486 saevum
699 2432 831 2487 ambobus
852 2432 983 2487 Achillen.

163 2505 299 2575 Constitit,
314 2513 342 2562 et
355 2509 504 2578 lacrimans,
520 2510 586 2574 Quis
599 2511 653 2564 iam
666 2511 747 2577 loeus,
761 2509 857 2579 inquit,
873 2510 987 2575 Achate,

163 2583 239 2648 Quae
257 2585 331 2653 regio
349 2587 377 2640 in
395 2588 477 2641 terrie
494 2588 581 2641 nostri
600 2605 652 2641 non
670 2588 751 2656 plena
769 2587 886 2641 laborisl
977 2602 1014 2639 seo

163 2657 205 2711 En
225 2659 356 2716 Priamus.
394 2664 465 2718 Sunt
482 2664 526 2718 hie
544 2665 627 2718 otiam
646 2681 695 2718 sua
713 2665 835 2734 praemia
853 2664 942 2727 laudi;

163 2737 232 2788 Sunt
250 2736 377 2793 lacrimae
396 2757 488 2794 rerum
507 2744 535 2794 et
553 2746 673 2796 mentem
692 2742 817 2796 mortalia
834 2744 958 2808 tangrmt

163 2810 243 2864 Solve
260 2818 365 2880 metus;
383 2816 454 2869 feret
472 2817 538 2870 haee
556 2818 674 2886 aliquam
693 2817 743 2872 tibi
761 2817 833 2870 fama
852 2817 975 2870 salutem.

163 2886 208 2940 Sic
226 2888 272 2955 ait,
291 2895 375 2960 atque
394 2893 512 2946 animum
531 2894 638 2961 pictura
656 2895 743 2963 pascit
761 2893 842 2959 inani,

164 2963 253 3017 Multa
270 2983 390 3034 gemens,
409 2968 541 3037 largoque
558 2969 698 3024 humectat
717 2970 826 3021 flumine
844 2967 954 3020 voltum.
978 2981 1014 3020 sco

164 3039 291 3108 Namque
309 3043 428 3111 videbat,
446 3045 487 3097 uti
505 3045 639 3099 bellantes
659 3047 791 3113 Pergama
809 3044 910 3097 circum

165 3115 226 3169 Hac
243 3117 371 3186 fugerent
390 3121 473 3186 Graii,
491 3125 630 3189 premeret
648 3122 764 3174 Troiana
782 3121 915 3187 iuventuS,

165 3192 226 3246 Hac
245 3191 374 3264 Phryges,
393 3195 509 3249 instaret
527 3212 609 3252 curm
626 3198 754 3252 cristatus
774 3196 902 3252 Achilles.
