2274 3554
131 139 178 183 118
371 140 400 186 Ρ.
420 139 575 188 VERGILI
593 141 763 189 MAltONIS

130 215 234 268 llruerc
251 217 387 284 agriculae
402 221 528 272 certatim
537 241 543 284 ;
561 219 607 273 illa
624 236 711 289 usque
730 224 852 277 minatur

129 290 165 344 nt
183 293 344 348 tremefacta
363 311 466 348 comam
485 313 614 350 concusso
632 299 735 351 vertice
752 305 842 367 rrutat,

129 368 294 424 Volneribus
312 371 400 426 donec
415 373 548 442 paulatim
566 375 654 427 evicta
672 392 832 443 supremum

129 444 289 513 Oongemuit
307 449 449 518 traxitque
467 450 538 516 iugis
556 450 647 502 avulsa
665 452 777 505 ruinam.

128 521 278 593 Descende,
296 541 327 578 ae
346 526 464 579 ducente
482 525 534 578 dee
553 526 688 580 flammam
707 528 780 582 inter
799 532 829 582 et
845 529 934 584 hastis
979 539 982 548 “

128 600 280 668 Expedier;
298 602 366 656 dant
383 603 440 655 tela
459 603 557 668 locum,
574 603 755 673 llarrnnaeque
772 606 916 660 recedunt,
977 621 982 640 ¹

162 679 257 746 Atque
275 679 322 732 ubi
340 679 395 731 iarn
412 679 520 747 patriae
536 685 696 747 perventum
716 681 751 734 ad
769 681 862 734 limina
881 683 956 736 sedis
975 675 981 724 ’-

128 754 319 823 Antiquasquc
332 755 434 820 domes,
447 757 563 824 genitor,
576 774 658 826 quem
670 758 767 811 tollere
779 759 806 811 in
819 760 889 812 altos
948 773 984 814 ets

127 830 263 898 Optabam
281 831 399 899 primum
418 833 519 886 montis
537 834 712 904 primumque
727 835 871 911 petebam,¹

127 906 255 976 Abnegat
273 909 364 962 excisa
382 911 465 963 vitam
484 910 635 979 producere
654 912 733 964 Troia

126 983 316 1055 Exsiliumque
332 987 397 1055 pati.
434 987 493 1040 Vos
510 1005 536 1054 ο,
553 989 652 1056 quibus
669 989 777 1057 integer
796 989 861 1043 aevi'

126 1060 246 1130 Sanguis,
265 1064 311 1129 ait,
331 1064 488 1133 solidaeque
507 1082 555 1117 suu
574 1069 648 1118 stant
666 1065 764 1118 robore
782 1066 862 1133 vires,

125 1137 183 1192 Vos
201 1141 303 1208 agitate
322 1141 422 1210 lugam.
945 1159 981 1197 sn

125 1215 172 1268 lile
190 1217 212 1270 si
231 1218 372 1272 caelicolae
391 1219 540 1272 veluissent
559 1220 659 1276 ducere
677 1221 768 1288 vitam,

125 1291 185 1346 Has
203 1295 269 1346 mihi
287 1301 442 1348 seruassent
461 1295 547 1348 sedes.
584 1296 661 1349 Satis
675 1313 730 1348 una
748 1315 886 1365 superque

125 1367 250 1422 Vidimus
268 1370 388 1422 exscidia
407 1375 436 1422 et
453 1375 549 1438 captae
568 1373 753 1438 superavimus
771 1373 840 1426 urbi.

125 1445 169 1498 Sic
187 1461 210 1510 0,
229 1445 267 1497 sic
285 1445 404 1512 positum
423 1446 509 1498 adfati
527 1446 659 1499 discedite
678 1464 782 1514 cerpus.

125 1521 189 1589 lpse
207 1537 289 1574 manu
307 1526 423 1572 mortem
441 1521 592 1585 inveniam;
611 1523 787 1591 miserebitur
805 1523 892 1578 laestis
944 1545 981 1582 sss

124 1598 295 1667 Exuviasque
313 1599 406 1664 petet;
424 1595 509 1650 facilis
527 1597 639 1650 iactura·
651 1598 795 1666 sepulchri,
842 1605 845 1610 '
864 1635 869 1642 .

125 1673 308 1744 Iampridem
327 1673 430 1726 inrisus
448 1672 517 1725 divis
536 1677 565 1725 et
584 1672 689 1740 inutilis
706 1677 791 1726 annes
816 1685 818 1692 ·
853 1741 855 1746 Ι

124 1752 263 1818 Demor0r‚
283 1767 315 1803 ex
335 1766 389 1817 quo
407 1765 451 1801 mc
469 1748 559 1801 divom
578 1751 659 1817 pater
674 1752 759 1817 atque
774 1749 913 1802 hominum
929 1768 978 1805 rex

126 1827 256 1881 Fulminis
274 1825 385 1879 adflavit
404 1825 491 1878 ventis
510 1830 538 1878 et
557 1825 672 1892 contigit
689 1826 752 1894 igni.

158 1904 233 1958 Talia
249 1902 391 1972 perstabat
409 1919 568 1971 memorans,
586 1903 711 1970 fixusque
728 1903 865 1956 manebat.
943 1917 979 1956 sse

125 1981 148 2032 N
151 1997 180 2034 os
198 1985 293 2034 eontra
311 1980 388 2033 effusi
406 1980 525 2033 lacrimis
543 1980 715 2049 coniunxque
734 1981 835 2034 Creusa

125 2059 313 2127 Ascaniusque
330 2059 471 2126 omnisque
489 2058 594 2122 domus,
613 2075 647 2111 ne
666 2061 773 2111 vertere
792 2067 882 2110 seeum

124 2135 228 2190 (iuncta
245 2139 325 2205 pater
342 2137 454 2204 satoque
471 2137 600 2204 urguenti
618 2135 775 2188 incumbere
793 2134 883 2188 vellet.

126 2212 261 2280 Abnegat,
279 2213 441 2281 inceptoque
459 2217 488 2266 et
507 2211 617 2266 sedibus
635 2213 732 2264 haeret
749 2212 776 2263 in
794 2211 888 2264 isdem.

125 2289 229 2342 Rursus
241 2290 268 2341 iu
281 2306 357 2341 arma
368 2290 446 2350 ferar,
459 2293 632 2356 mortemque
644 2289 812 2340 miserrimus
824 2292 895 2355 epte,
943 2301 979 2340 stt

45 2369 48 2374 '
125 2367 194 2419 Nam
214 2364 287 2434 quod
306 2366 445 2418 eonsilium
464 2369 512 2417 aut
531 2381 601 2432 quae
619 2365 673 2416 iarn
691 2364 800 2416 fortuna
819 2363 953 2419 dabaturl

126 2443 205 2496 liene
224 2443 321 2494 efferre
338 2441 444 2510 pedem,
463 2441 578 2508 genitur,
597 2445 626 2493 te
643 2457 723 2509 posse
741 2439 837 2492 relicto

125 2519 254 2588 sperasti,
273 2523 435 2585 tantumque
453 2517 530 2569 nefas
547 2517 637 2583 patrio
656 2515 758 2569 excidit
776 2517 839 2569 orei

125 2596 152 2649 si
170 2595 234 2647 nihil
253 2611 287 2646 ex
305 2597 384 2647 tanta
402 2593 516 2662 Superis
533 2593 623 2660 placet
640 2591 709 2645 urbe
727 2593 850 2658 relinqui,

129 2672 161 2724 ut
180 2671 258 2725 sedet
275 2671 326 2724 hoc
343 2670 441 2736 anime,
460 2669 655 2737 perituraeque
672 2669 776 2722 addere
795 2668 891 2722 Troiae
943 2683 979 2722 sue

125 2749 216 2817 Teque
234 2753 351 2816 tuosque
368 2747 450 2812 iuvat,
469 2750 546 2814 patet
564 2747 610 2798 isti
628 2746 708 2798 ianua
726 2745 788 2811 lete,
860 2749 865 2757 '

126 2826 239 2894 lamque
258 2824 347 2878 aderit
365 2824 452 2878 multo
473 2823 570 2875 Priami
591 2823 626 2876 de
645 2823 774 2890 sanguine
794 2821 921 2889 Pyrrhus,

125 2902 245 2962 Gnatum
258 2904 322 2955 ante
334 2918 382 2955 ora
394 2902 488 2970 patris.
501 2905 606 2968 patrem
622 2899 667 2968 qui
680 2899 826 2951 obtruncat
838 2897 873 2950 ad
885 2914 953 2950 aras.

128 2979 187 3032 Hoc
204 2980 271 3042 erat,
289 2977 360 3031 alma
377 2994 482 3044 parens,
502 2977 575 3044 qued
595 2993 638 3028 me
655 2991 707 3043 per
723 2975 787 3040 tela,
806 2989 856 3041 per
873 2973 944 3039 ignis

126 3055 222 3123 llripis,
239 3058 271 3107 ut
288 3053 386 3108 mediis
403 3054 509 3106 hostem
528 3053 554 3104 in
573 3051 766 3120 penetralibus,
784 3055 870 3117 utque
944 3063 980 3101 em

126 3131 272 3184 Ascanium
289 3134 452 3202 patremque
469 3145 560 3182 meurn
578 3127 709 3196 iuxtaque
728 3126 856 3180 Creusam

126 3206 254 3261 Alterum
271 3206 300 3260 in
317 3207 431 3260 alterius
445 3208 582 3259 mactatos
601 3203 731 3271 sanguine
748 3203 874 3255 ecnaaml
918 3199 921 3206 '
