<?xml version="1.0" encoding="UTF-8"?>
<!DOCTYPE html PUBLIC "-//W3C//DTD XHTML 1.0 Transitional//EN"
    "http://www.w3.org/TR/xhtml1/DTD/xhtml1-transitional.dtd">
<html xmlns="http://www.w3.org/1999/xhtml" xml:lang="en" lang="en">
 <head>
  <title>
</title>
<meta http-equiv="Content-Type" content="text/html;charset=utf-8" />
  <meta name='ocr-system' content='tesseract 3.04.00' />
  <meta name='ocr-capabilities' content='ocr_page ocr_carea ocr_par ocr_line ocrx_word'/>
</head>
<body>
  <div class='ocr_page' id='page_1' title='image "./operaexrecensio02virggoog_0256.png"; bbox 0 0 2234 3554; ppageno 0'>
   <div class='ocr_carea' id='block_1_1' title="bbox 125 165 739 216">
    <p class='ocr_par' dir='ltr' id='par_1_1' title="bbox 125 165 739 216">
     <span class='ocr_line' id='line_1_1' title="bbox 125 165 739 216; baseline 0.002 -2"><span class='ocrx_word' id='word_1_1' title='bbox 125 169 171 216; x_wconf 76' lang='lat' dir='ltr'>all</span> <span class='ocrx_word' id='word_1_2' title='bbox 353 166 382 213; x_wconf 89' lang='lat' dir='ltr'>P.</span> <span class='ocrx_word' id='word_1_3' title='bbox 405 165 555 215; x_wconf 78' lang='lat' dir='ltr'>VERGILI</span> <span class='ocrx_word' id='word_1_4' title='bbox 572 165 704 214; x_wconf 81' lang='lat' dir='ltr'>MARON</span> <span class='ocrx_word' id='word_1_5' title='bbox 707 168 739 216; x_wconf 88' lang='lat' dir='ltr'>IS</span> 
     </span>
    </p>
   </div>
   <div class='ocr_carea' id='block_1_2' title="bbox 119 245 976 3272">
    <p class='ocr_par' dir='ltr' id='par_1_2' title="bbox 126 245 976 469">
     <span class='ocr_line' id='line_1_2' title="bbox 127 245 915 315; baseline 0.009 -17"><span class='ocrx_word' id='word_1_6' title='bbox 127 245 297 302; x_wconf 76' lang='lat' dir='ltr'>Pendentem</span> <span class='ocrx_word' id='word_1_7' title='bbox 316 246 432 314; x_wconf 87' lang='lat' dir='ltr'>scopulo,</span> <span class='ocrx_word' id='word_1_8' title='bbox 452 245 651 315; x_wconf 81' lang='lat' dir='ltr'>Furiarumque</span> <span class='ocrx_word' id='word_1_9' title='bbox 669 264 716 302; x_wconf 88' lang='lat' dir='ltr'>ora</span> <span class='ocrx_word' id='word_1_10' title='bbox 734 253 915 313; x_wconf 65' lang='lat' dir='ltr'>trementem</span> 
     </span>
     <span class='ocr_line' id='line_1_3' title="bbox 126 321 976 392; baseline -0.001 -15"><span class='ocrx_word' id='word_1_11' title='bbox 126 323 305 391; x_wconf 84' lang='lat' dir='ltr'>Secretosque</span> <span class='ocrx_word' id='word_1_12' title='bbox 323 324 396 392; x_wconf 87' lang='lat' dir='ltr'>pios;</span> <span class='ocrx_word' id='word_1_13' title='bbox 414 321 456 375; x_wconf 92' lang='lat' dir='ltr'>his</span> <span class='ocrx_word' id='word_1_14' title='bbox 474 322 585 376; x_wconf 84' lang='lat' dir='ltr'>dantem</span> <span class='ocrx_word' id='word_1_15' title='bbox 603 323 663 376; x_wconf 87' lang='lat' dir='ltr'>iura</span> <span class='ocrx_word' id='word_1_16' title='bbox 680 324 821 381; x_wconf 90' lang='lat' dir='ltr'>Catonem.</span> <span class='ocrx_word' id='word_1_17' title='bbox 938 334 976 376; x_wconf 73' lang='lat'>07⁰</span> 
     </span>
     <span class='ocr_line' id='line_1_4' title="bbox 127 398 779 469; baseline 0 -15"><span class='ocrx_word' id='word_1_18' title='bbox 127 401 206 454; x_wconf 89' lang='lat' dir='ltr'>Haeo</span> <span class='ocrx_word' id='word_1_19' title='bbox 224 402 298 453; x_wconf 85' lang='lat' dir='ltr'>inter</span> <span class='ocrx_word' id='word_1_20' title='bbox 316 398 415 452; x_wconf 92' lang='lat' dir='ltr'>tumidi</span> <span class='ocrx_word' id='word_1_21' title='bbox 433 399 488 452; x_wconf 91' lang='lat' dir='ltr'>late</span> <span class='ocrx_word' id='word_1_22' title='bbox 505 399 589 450; x_wconf 89' lang='lat' dir='ltr'>maris</span> <span class='ocrx_word' id='word_1_23' title='bbox 606 399 666 452; x_wconf 93' lang='lat' dir='ltr'>ibat</span> <span class='ocrx_word' id='word_1_24' title='bbox 682 400 779 469; x_wconf 85' lang='lat' dir='ltr'>imago,</span> 
     </span>
    </p>

    <p class='ocr_par' dir='ltr' id='par_1_3' title="bbox 126 473 805 542">
     <span class='ocr_line' id='line_1_5' title="bbox 126 473 805 542; baseline 0.003 -15"><span class='ocrx_word' id='word_1_25' title='bbox 126 476 226 540; x_wconf 88' lang='lat' dir='ltr'>Aurea,</span> <span class='ocrx_word' id='word_1_26' title='bbox 245 474 294 527; x_wconf 91' lang='lat' dir='ltr'>sed</span> <span class='ocrx_word' id='word_1_27' title='bbox 313 475 397 526; x_wconf 86' lang='lat' dir='ltr'>fluctu</span> <span class='ocrx_word' id='word_1_28' title='bbox 417 473 579 541; x_wconf 83' lang='lat' dir='ltr'><strong>spumabant</strong></span> <span class='ocrx_word' id='word_1_29' title='bbox 597 475 704 528; x_wconf 86' lang='lat' dir='ltr'>caerula</span> <span class='ocrx_word' id='word_1_30' title='bbox 722 493 805 542; x_wconf 89' lang='lat' dir='ltr'>eano;</span> 
     </span>
    </p>

    <p class='ocr_par' dir='ltr' id='par_1_4' title="bbox 127 549 813 617">
     <span class='ocr_line' id='line_1_6' title="bbox 127 549 813 617; baseline 0.003 -13"><span class='ocrx_word' id='word_1_31' title='bbox 127 553 161 604; x_wconf 79' lang='lat' dir='ltr'>ut</span> <span class='ocrx_word' id='word_1_32' title='bbox 179 552 280 604; x_wconf 85' lang='lat' dir='ltr'>circum</span> <span class='ocrx_word' id='word_1_33' title='bbox 298 554 412 617; x_wconf 89' lang='lat' dir='ltr'>argento</span> <span class='ocrx_word' id='word_1_34' title='bbox 430 550 495 602; x_wconf 88' lang='lat' dir='ltr'>clari</span> <span class='ocrx_word' id='word_1_35' title='bbox 513 549 656 617; x_wconf 85' lang='lat' dir='ltr'>delphines</span> <span class='ocrx_word' id='word_1_36' title='bbox 673 550 701 602; x_wconf 93' lang='lat' dir='ltr'>in</span> <span class='ocrx_word' id='word_1_37' title='bbox 720 552 813 606; x_wconf 90' lang='lat' dir='ltr'>orbem</span> 
     </span>
    </p>

    <p class='ocr_par' dir='ltr' id='par_1_5' title="bbox 127 625 869 695">
     <span class='ocr_line' id='line_1_7' title="bbox 127 625 869 695; baseline 0 -15"><span class='ocrx_word' id='word_1_38' title='bbox 127 631 255 695; x_wconf 87' lang='lat' dir='ltr'>Aequora</span> <span class='ocrx_word' id='word_1_39' title='bbox 272 626 421 679; x_wconf 89' lang='lat' dir='ltr'>verrebant</span> <span class='ocrx_word' id='word_1_40' title='bbox 439 625 533 678; x_wconf 87' lang='lat' dir='ltr'>caudis</span> <span class='ocrx_word' id='word_1_41' title='bbox 551 630 713 692; x_wconf 82' lang='lat' dir='ltr'>aestumque</span> <span class='ocrx_word' id='word_1_42' title='bbox 731 627 869 680; x_wconf 80' lang='lat' dir='ltr'>secabant.</span> 
     </span>
    </p>

    <p class='ocr_par' dir='ltr' id='par_1_6' title="bbox 125 700 972 920">
     <span class='ocr_line' id='line_1_8' title="bbox 127 700 972 769; baseline 0 -13"><span class='ocrx_word' id='word_1_43' title='bbox 127 705 159 756; x_wconf 87' lang='lat' dir='ltr'>ln</span> <span class='ocrx_word' id='word_1_44' title='bbox 177 703 268 756; x_wconf 91' lang='lat' dir='ltr'>modio</span> <span class='ocrx_word' id='word_1_45' title='bbox 286 702 379 754; x_wconf 86' lang='lat' dir='ltr'>classis</span> <span class='ocrx_word' id='word_1_46' title='bbox 397 705 512 768; x_wconf 86' lang='lat' dir='ltr'>aeratas,</span> <span class='ocrx_word' id='word_1_47' title='bbox 531 701 613 754; x_wconf 88' lang='lat' dir='ltr'>Actia</span> <span class='ocrx_word' id='word_1_48' title='bbox 630 700 709 769; x_wconf 90' lang='lat' dir='ltr'>bella,</span> <span class='ocrx_word' id='word_1_49' title='bbox 935 717 972 756; x_wconf 71' lang='lat' dir='ltr'>aas</span> 
     </span>
     <span class='ocr_line' id='line_1_9' title="bbox 125 777 895 844; baseline -0.003 -12"><span class='ocrx_word' id='word_1_50' title='bbox 125 780 243 832; x_wconf 81' lang='lat' dir='ltr'>Cernere</span> <span class='ocrx_word' id='word_1_51' title='bbox 262 783 338 842; x_wconf 85' lang='lat' dir='ltr'>erat;</span> <span class='ocrx_word' id='word_1_52' title='bbox 363 782 508 844; x_wconf 90' lang='lat' dir='ltr'>totumque</span> <span class='ocrx_word' id='word_1_53' title='bbox 525 777 660 830; x_wconf 87' lang='lat' dir='ltr'>instructo</span> <span class='ocrx_word' id='word_1_54' title='bbox 678 778 770 832; x_wconf 89' lang='lat' dir='ltr'>Marte</span> <span class='ocrx_word' id='word_1_55' title='bbox 787 779 895 832; x_wconf 83' lang='lat' dir='ltr'>videres</span> 
     </span>
     <span class='ocr_line' id='line_1_10' title="bbox 125 852 821 920; baseline 0.003 -14"><span class='ocrx_word' id='word_1_56' title='bbox 125 855 242 907; x_wconf 87' lang='lat' dir='ltr'>Fervere</span> <span class='ocrx_word' id='word_1_57' title='bbox 261 855 407 919; x_wconf 85' lang='lat' dir='ltr'>Leucaten,</span> <span class='ocrx_word' id='word_1_58' title='bbox 426 869 547 920; x_wconf 89' lang='lat' dir='ltr'>auroque</span> <span class='ocrx_word' id='word_1_59' title='bbox 565 852 696 920; x_wconf 85' lang='lat' dir='ltr'>effulgere</span> <span class='ocrx_word' id='word_1_60' title='bbox 713 854 821 908; x_wconf 87' lang='lat' dir='ltr'>fluctus.</span> 
     </span>
    </p>

    <p class='ocr_par' dir='ltr' id='par_1_7' title="bbox 125 929 853 998">
     <span class='ocr_line' id='line_1_11' title="bbox 125 929 853 998; baseline 0.003 -16"><span class='ocrx_word' id='word_1_61' title='bbox 125 930 198 982; x_wconf 89' lang='lat' dir='ltr'>Hiuc</span> <span class='ocrx_word' id='word_1_62' title='bbox 218 933 360 998; x_wconf 88' lang='lat' dir='ltr'>Augustus</span> <span class='ocrx_word' id='word_1_63' title='bbox 378 946 462 996; x_wconf 88' lang='lat' dir='ltr'>agens</span> <span class='ocrx_word' id='word_1_64' title='bbox 481 929 567 982; x_wconf 87' lang='lat' dir='ltr'>Italos</span> <span class='ocrx_word' id='word_1_65' title='bbox 584 929 612 981; x_wconf 92' lang='lat' dir='ltr'>in</span> <span class='ocrx_word' id='word_1_66' title='bbox 630 930 734 997; x_wconf 90' lang='lat' dir='ltr'>proelia</span> <span class='ocrx_word' id='word_1_67' title='bbox 752 931 853 986; x_wconf 83' lang='lat' dir='ltr'>Caesar</span> 
     </span>
    </p>

    <p class='ocr_par' dir='ltr' id='par_1_8' title="bbox 124 1005 972 1300">
     <span class='ocr_line' id='line_1_12' title="bbox 125 1005 938 1074; baseline 0 -16"><span class='ocrx_word' id='word_1_68' title='bbox 125 1005 193 1058; x_wconf 82' lang='lat' dir='ltr'>Cum</span> <span class='ocrx_word' id='word_1_69' title='bbox 214 1005 341 1058; x_wconf 90' lang='lat' dir='ltr'>Patribus</span> <span class='ocrx_word' id='word_1_70' title='bbox 361 1005 524 1073; x_wconf 72' lang='lat' dir='ltr'>Populoque</span> <span class='ocrx_word' id='word_1_71' title='bbox 543 1005 693 1058; x_wconf 81' lang='lat' dir='ltr'>Penatibus</span> <span class='ocrx_word' id='word_1_72' title='bbox 711 1010 739 1059; x_wconf 90' lang='lat' dir='ltr'>ct</span> <span class='ocrx_word' id='word_1_73' title='bbox 757 1007 863 1074; x_wconf 85' lang='lat' dir='ltr'>magnis</span> <span class='ocrx_word' id='word_1_74' title='bbox 880 1005 938 1072; x_wconf 87' lang='lat' dir='ltr'>Dis,</span> 
     </span>
     <span class='ocr_line' id='line_1_13' title="bbox 124 1081 972 1150; baseline 0.001 -15"><span class='ocrx_word' id='word_1_75' title='bbox 124 1081 205 1136; x_wconf 82' lang='lat' dir='ltr'>Stans</span> <span class='ocrx_word' id='word_1_76' title='bbox 218 1083 288 1136; x_wconf 85' lang='lat' dir='ltr'>celsa</span> <span class='ocrx_word' id='word_1_77' title='bbox 300 1083 327 1134; x_wconf 94' lang='lat' dir='ltr'>in</span> <span class='ocrx_word' id='word_1_78' title='bbox 340 1082 438 1150; x_wconf 93' lang='lat' dir='ltr'>puppi;</span> <span class='ocrx_word' id='word_1_79' title='bbox 449 1081 571 1148; x_wconf 89' lang='lat' dir='ltr'>geminas</span> <span class='ocrx_word' id='word_1_80' title='bbox 583 1082 626 1134; x_wconf 87' lang='lat' dir='ltr'>oui</span> <span class='ocrx_word' id='word_1_81' title='bbox 639 1085 763 1150; x_wconf 86' lang='lat' dir='ltr'>tempora</span> <span class='ocrx_word' id='word_1_82' title='bbox 776 1083 899 1136; x_wconf 88' lang='lat' dir='ltr'>flammas</span> <span class='ocrx_word' id='word_1_83' title='bbox 933 1097 972 1135; x_wconf 78' lang='lat' dir='ltr'>sao</span> 
     </span>
     <span class='ocr_line' id='line_1_14' title="bbox 125 1157 900 1226; baseline 0.005 -17"><span class='ocrx_word' id='word_1_84' title='bbox 125 1157 210 1212; x_wconf 86' lang='lat' dir='ltr'>Laeta</span> <span class='ocrx_word' id='word_1_85' title='bbox 228 1163 346 1223; x_wconf 85' lang='lat' dir='ltr'>vomunt,</span> <span class='ocrx_word' id='word_1_86' title='bbox 366 1159 539 1226; x_wconf 88' lang='lat' dir='ltr'>patriumque</span> <span class='ocrx_word' id='word_1_87' title='bbox 556 1157 680 1224; x_wconf 87' lang='lat' dir='ltr'>aperitur</span> <span class='ocrx_word' id='word_1_88' title='bbox 697 1159 798 1212; x_wconf 80' lang='lat' dir='ltr'>vertice</span> <span class='ocrx_word' id='word_1_89' title='bbox 817 1159 900 1213; x_wconf 86' lang='lat' dir='ltr'>sidus.</span> 
     </span>
     <span class='ocr_line' id='line_1_15' title="bbox 126 1233 776 1300; baseline 0 -14"><span class='ocrx_word' id='word_1_90' title='bbox 126 1233 207 1286; x_wconf 86' lang='lat' dir='ltr'>Parte</span> <span class='ocrx_word' id='word_1_91' title='bbox 225 1236 277 1287; x_wconf 92' lang='lat' dir='ltr'>alia</span> <span class='ocrx_word' id='word_1_92' title='bbox 293 1236 382 1286; x_wconf 86' lang='lat' dir='ltr'>ventis</span> <span class='ocrx_word' id='word_1_93' title='bbox 400 1239 429 1287; x_wconf 91' lang='lat' dir='ltr'>et</span> <span class='ocrx_word' id='word_1_94' title='bbox 447 1234 489 1286; x_wconf 90' lang='lat' dir='ltr'>dis</span> <span class='ocrx_word' id='word_1_95' title='bbox 508 1233 634 1300; x_wconf 76' lang='lat' dir='ltr'><strong>Agrippa</strong></span> <span class='ocrx_word' id='word_1_96' title='bbox 651 1234 776 1288; x_wconf 88' lang='lat' dir='ltr'>secundis</span> 
     </span>
    </p>

    <p class='ocr_par' dir='ltr' id='par_1_9' title="bbox 125 1309 915 1454">
     <span class='ocr_line' id='line_1_16' title="bbox 125 1309 915 1378; baseline 0.005 -18"><span class='ocrx_word' id='word_1_97' title='bbox 125 1311 237 1363; x_wconf 84' lang='lat' dir='ltr'>Arduus</span> <span class='ocrx_word' id='word_1_98' title='bbox 255 1328 350 1378; x_wconf 80' lang='lat' dir='ltr'>agmen</span> <span class='ocrx_word' id='word_1_99' title='bbox 369 1327 465 1377; x_wconf 79' lang='lat' dir='ltr'>agens3</span> <span class='ocrx_word' id='word_1_100' title='bbox 483 1310 534 1376; x_wconf 89' lang='lat' dir='ltr'>cui,</span> <span class='ocrx_word' id='word_1_101' title='bbox 554 1309 618 1362; x_wconf 89' lang='lat' dir='ltr'>belli</span> <span class='ocrx_word' id='word_1_102' title='bbox 636 1311 741 1377; x_wconf 80' lang='lat' dir='ltr'>insigne</span> <span class='ocrx_word' id='word_1_103' title='bbox 759 1311 915 1378; x_wconf 85' lang='lat' dir='ltr'>superbum,</span> 
     </span>
     <span class='ocr_line' id='line_1_17' title="bbox 125 1385 746 1454; baseline 0.003 -17"><span class='ocrx_word' id='word_1_104' title='bbox 125 1385 257 1454; x_wconf 80' lang='lat' dir='ltr'>Tempora</span> <span class='ocrx_word' id='word_1_105' title='bbox 274 1386 361 1438; x_wconf 87' lang='lat' dir='ltr'>navali</span> <span class='ocrx_word' id='word_1_106' title='bbox 380 1386 488 1452; x_wconf 86' lang='lat' dir='ltr'>fulgent</span> <span class='ocrx_word' id='word_1_107' title='bbox 506 1388 625 1438; x_wconf 88' lang='lat' dir='ltr'>rostrata</span> <span class='ocrx_word' id='word_1_108' title='bbox 641 1402 746 1439; x_wconf 74' lang='lat' dir='ltr'>emona.</span> 
     </span>
    </p>

    <p class='ocr_par' dir='ltr' id='par_1_10' title="bbox 126 1453 971 1603">
     <span class='ocr_line' id='line_1_18' title="bbox 126 1453 971 1528; baseline 0.002 -15"><span class='ocrx_word' id='word_1_109' title='bbox 126 1462 197 1514; x_wconf 89' lang='lat' dir='ltr'>Hine</span> <span class='ocrx_word' id='word_1_110' title='bbox 214 1478 264 1528; x_wconf 91' lang='lat' dir='ltr'>ope</span> <span class='ocrx_word' id='word_1_111' title='bbox 282 1461 423 1512; x_wconf 86' lang='lat' dir='ltr'>barbarica</span> <span class='ocrx_word' id='word_1_112' title='bbox 441 1453 575 1526; x_wconf 85' lang='lat' dir='ltr'>variisque</span> <span class='ocrx_word' id='word_1_113' title='bbox 595 1461 730 1514; x_wconf 87' lang='lat' dir='ltr'>Antonius</span> <span class='ocrx_word' id='word_1_114' title='bbox 749 1462 837 1525; x_wconf 76' lang='lat' dir='ltr'>amnis</span> <span class='ocrx_word' id='word_1_115' title='bbox 933 1476 971 1514; x_wconf 73' lang='lat' dir='ltr'>ost</span> 
     </span>
     <span class='ocr_line' id='line_1_19' title="bbox 127 1535 790 1603; baseline 0.005 -16"><span class='ocrx_word' id='word_1_116' title='bbox 127 1537 220 1590; x_wconf 87' lang='lat' dir='ltr'>Victor</span> <span class='ocrx_word' id='word_1_117' title='bbox 237 1536 271 1588; x_wconf 91' lang='lat' dir='ltr'>ab</span> <span class='ocrx_word' id='word_1_118' title='bbox 291 1538 414 1588; x_wconf 82' lang='lat' dir='ltr'>Aurorae</span> <span class='ocrx_word' id='word_1_119' title='bbox 431 1536 538 1602; x_wconf 91' lang='lat' dir='ltr'>populis</span> <span class='ocrx_word' id='word_1_120' title='bbox 556 1539 584 1588; x_wconf 94' lang='lat' dir='ltr'>et</span> <span class='ocrx_word' id='word_1_121' title='bbox 602 1535 682 1590; x_wconf 90' lang='lat' dir='ltr'>litore</span> <span class='ocrx_word' id='word_1_122' title='bbox 700 1538 790 1603; x_wconf 90' lang='lat' dir='ltr'>rubro,</span> 
     </span>
    </p>

    <p class='ocr_par' dir='ltr' id='par_1_11' title="bbox 125 1611 825 1680">
     <span class='ocr_line' id='line_1_20' title="bbox 125 1611 825 1680; baseline 0.003 -16"><span class='ocrx_word' id='word_1_123' title='bbox 125 1615 280 1680; x_wconf 86' lang='lat' dir='ltr'>Aegyptum</span> <span class='ocrx_word' id='word_1_124' title='bbox 298 1612 416 1678; x_wconf 86' lang='lat' dir='ltr'>virisque</span> <span class='ocrx_word' id='word_1_125' title='bbox 435 1611 555 1664; x_wconf 87' lang='lat' dir='ltr'>Orientis</span> <span class='ocrx_word' id='word_1_126' title='bbox 573 1616 602 1665; x_wconf 89' lang='lat' dir='ltr'>et</span> <span class='ocrx_word' id='word_1_127' title='bbox 619 1613 717 1666; x_wconf 89' lang='lat' dir='ltr'>ultima</span> <span class='ocrx_word' id='word_1_128' title='bbox 734 1630 825 1666; x_wconf 86' lang='lat' dir='ltr'>seeum</span> 
     </span>
    </p>

    <p class='ocr_par' dir='ltr' id='par_1_12' title="bbox 124 1687 970 1986">
     <span class='ocr_line' id='line_1_21' title="bbox 125 1687 946 1758; baseline 0.001 -17"><span class='ocrx_word' id='word_1_129' title='bbox 125 1689 225 1741; x_wconf 89' lang='lat' dir='ltr'>Baetra</span> <span class='ocrx_word' id='word_1_130' title='bbox 242 1687 332 1751; x_wconf 78' lang='lat' dir='ltr'>vehit3</span> <span class='ocrx_word' id='word_1_131' title='bbox 351 1687 535 1755; x_wconf 86' lang='lat' dir='ltr'>sequiturque,</span> <span class='ocrx_word' id='word_1_132' title='bbox 554 1688 644 1742; x_wconf 86' lang='lat' dir='ltr'>nefas!</span> <span class='ocrx_word' id='word_1_133' title='bbox 665 1690 803 1758; x_wconf 81' lang='lat' dir='ltr'>Aegyptia</span> <span class='ocrx_word' id='word_1_134' title='bbox 820 1691 946 1744; x_wconf 84' lang='lat' dir='ltr'>coniunx.</span> 
     </span>
     <span class='ocr_line' id='line_1_22' title="bbox 124 1765 839 1832; baseline 0.001 -15"><span class='ocrx_word' id='word_1_135' title='bbox 124 1765 186 1817; x_wconf 89' lang='lat' dir='ltr'>Una</span> <span class='ocrx_word' id='word_1_136' title='bbox 203 1780 295 1818; x_wconf 87' lang='lat' dir='ltr'>omnes</span> <span class='ocrx_word' id='word_1_137' title='bbox 313 1780 399 1829; x_wconf 82' lang='lat' dir='ltr'>ruere,</span> <span class='ocrx_word' id='word_1_138' title='bbox 418 1780 448 1815; x_wconf 87' lang='lat' dir='ltr'>ac</span> <span class='ocrx_word' id='word_1_139' title='bbox 467 1767 555 1816; x_wconf 90' lang='lat' dir='ltr'>totum</span> <span class='ocrx_word' id='word_1_140' title='bbox 574 1781 700 1832; x_wconf 84' lang='lat' dir='ltr'>spumare</span> <span class='ocrx_word' id='word_1_141' title='bbox 718 1766 839 1820; x_wconf 88' lang='lat' dir='ltr'>reductis</span> 
     </span>
     <span class='ocr_line' id='line_1_23' title="bbox 124 1841 970 1910; baseline 0.001 -16"><span class='ocrx_word' id='word_1_142' title='bbox 124 1841 285 1894; x_wconf 85' lang='lat' dir='ltr'>Convolsum</span> <span class='ocrx_word' id='word_1_143' title='bbox 304 1841 386 1893; x_wconf 87' lang='lat' dir='ltr'>remis</span> <span class='ocrx_word' id='word_1_144' title='bbox 405 1841 555 1908; x_wconf 89' lang='lat' dir='ltr'>rostrisque</span> <span class='ocrx_word' id='word_1_145' title='bbox 573 1841 741 1894; x_wconf 87' lang='lat' dir='ltr'>tridentibus</span> <span class='ocrx_word' id='word_1_146' title='bbox 758 1859 869 1910; x_wconf 90' lang='lat' dir='ltr'>aequor.</span> <span class='ocrx_word' id='word_1_147' title='bbox 932 1857 970 1894; x_wconf 82' lang='lat' dir='ltr'>oeo</span> 
     </span>
     <span class='ocr_line' id='line_1_24' title="bbox 125 1915 797 1986; baseline 0.004 -18"><span class='ocrx_word' id='word_1_148' title='bbox 125 1917 191 1970; x_wconf 86' lang='lat' dir='ltr'>Alta</span> <span class='ocrx_word' id='word_1_149' title='bbox 208 1919 320 1986; x_wconf 86' lang='lat' dir='ltr'>petunt;</span> <span class='ocrx_word' id='word_1_150' title='bbox 338 1916 434 1984; x_wconf 83' lang='lat' dir='ltr'>pelago</span> <span class='ocrx_word' id='word_1_151' title='bbox 453 1915 548 1968; x_wconf 87' lang='lat' dir='ltr'>credas</span> <span class='ocrx_word' id='word_1_152' title='bbox 566 1917 660 1970; x_wconf 90' lang='lat' dir='ltr'>innare</span> <span class='ocrx_word' id='word_1_153' title='bbox 679 1918 797 1971; x_wconf 85' lang='lat' dir='ltr'>revolsas</span> 
     </span>
    </p>

    <p class='ocr_par' dir='ltr' id='par_1_13' title="bbox 124 1992 885 2136">
     <span class='ocr_line' id='line_1_25' title="bbox 125 1992 885 2059; baseline 0.004 -15"><span class='ocrx_word' id='word_1_154' title='bbox 125 1992 262 2059; x_wconf 86' lang='lat' dir='ltr'>Cycladas,</span> <span class='ocrx_word' id='word_1_155' title='bbox 281 1996 329 2045; x_wconf 91' lang='lat' dir='ltr'>aut</span> <span class='ocrx_word' id='word_1_156' title='bbox 346 1993 447 2045; x_wconf 91' lang='lat' dir='ltr'>montis</span> <span class='ocrx_word' id='word_1_157' title='bbox 465 2008 624 2044; x_wconf 87' lang='lat' dir='ltr'>concurrere</span> <span class='ocrx_word' id='word_1_158' title='bbox 642 1993 781 2046; x_wconf 91' lang='lat' dir='ltr'>montibus</span> <span class='ocrx_word' id='word_1_159' title='bbox 798 1993 885 2047; x_wconf 85' lang='lat' dir='ltr'>altos:</span> 
     </span>
     <span class='ocr_line' id='line_1_26' title="bbox 124 2067 773 2136; baseline 0.005 -16"><span class='ocrx_word' id='word_1_160' title='bbox 124 2070 209 2124; x_wconf 81' lang='lat' dir='ltr'>l&#39;anta</span> <span class='ocrx_word' id='word_1_161' title='bbox 227 2069 296 2122; x_wconf 88' lang='lat' dir='ltr'>molo</span> <span class='ocrx_word' id='word_1_162' title='bbox 313 2069 364 2121; x_wconf 81' lang='lat' dir='ltr'>viri</span> <span class='ocrx_word' id='word_1_163' title='bbox 382 2069 490 2122; x_wconf 90' lang='lat' dir='ltr'>turritis</span> <span class='ocrx_word' id='word_1_164' title='bbox 508 2067 643 2136; x_wconf 89' lang='lat' dir='ltr'>puppibus</span> <span class='ocrx_word' id='word_1_165' title='bbox 661 2069 773 2123; x_wconf 90' lang='lat' dir='ltr'>instant.</span> 
     </span>
    </p>

    <p class='ocr_par' dir='ltr' id='par_1_14' title="bbox 122 2143 969 2743">
     <span class='ocr_line' id='line_1_27' title="bbox 124 2143 849 2212; baseline 0.003 -16"><span class='ocrx_word' id='word_1_166' title='bbox 124 2147 245 2212; x_wconf 78' lang='lat' dir='ltr'>stuppea</span> <span class='ocrx_word' id='word_1_167' title='bbox 262 2145 371 2198; x_wconf 87' lang='lat' dir='ltr'>flamma</span> <span class='ocrx_word' id='word_1_168' title='bbox 388 2160 469 2196; x_wconf 88' lang='lat' dir='ltr'>manu</span> <span class='ocrx_word' id='word_1_169' title='bbox 487 2143 604 2210; x_wconf 87' lang='lat' dir='ltr'>telisque</span> <span class='ocrx_word' id='word_1_170' title='bbox 622 2144 731 2198; x_wconf 83' lang='lat' dir='ltr'>volatile</span> <span class='ocrx_word' id='word_1_171' title='bbox 747 2145 849 2198; x_wconf 87' lang='lat' dir='ltr'>ferrum</span> 
     </span>
     <span class='ocr_line' id='line_1_28' title="bbox 124 2220 969 2288; baseline 0.004 -16"><span class='ocrx_word' id='word_1_172' title='bbox 124 2222 280 2288; x_wconf 83' lang='lat' dir='ltr'>Spargitur:</span> <span class='ocrx_word' id='word_1_173' title='bbox 298 2237 364 2273; x_wconf 88' lang='lat' dir='ltr'>arva</span> <span class='ocrx_word' id='word_1_174' title='bbox 381 2237 449 2274; x_wconf 89' lang='lat' dir='ltr'>nova</span> <span class='ocrx_word' id='word_1_175' title='bbox 468 2220 606 2286; x_wconf 89' lang='lat' dir='ltr'>Neptunia</span> <span class='ocrx_word' id='word_1_176' title='bbox 624 2221 707 2274; x_wconf 77' lang='lat' dir='ltr'>caede</span> <span class='ocrx_word' id='word_1_177' title='bbox 726 2221 882 2276; x_wconf 77' lang='lat' dir='ltr'>rubesclmt.</span> <span class='ocrx_word' id='word_1_178' title='bbox 932 2237 969 2276; x_wconf 73' lang='lat' dir='ltr'>ms</span> 
     </span>
     <span class='ocr_line' id='line_1_29' title="bbox 125 2296 830 2363; baseline 0.004 -16"><span class='ocrx_word' id='word_1_179' title='bbox 125 2296 229 2362; x_wconf 80' lang='lat' dir='ltr'>ltogina</span> <span class='ocrx_word' id='word_1_180' title='bbox 246 2297 274 2347; x_wconf 93' lang='lat' dir='ltr'>in</span> <span class='ocrx_word' id='word_1_181' title='bbox 291 2296 389 2348; x_wconf 90' lang='lat' dir='ltr'>mediis</span> <span class='ocrx_word' id='word_1_182' title='bbox 406 2296 496 2363; x_wconf 91' lang='lat' dir='ltr'>patrio</span> <span class='ocrx_word' id='word_1_183' title='bbox 514 2298 593 2348; x_wconf 87' lang='lat' dir='ltr'>vocat</span> <span class='ocrx_word' id='word_1_184' title='bbox 610 2296 718 2363; x_wconf 88' lang='lat' dir='ltr'>agmina</span> <span class='ocrx_word' id='word_1_185' title='bbox 736 2297 830 2352; x_wconf 88' lang='lat' dir='ltr'>sistro:</span> 
     </span>
     <span class='ocr_line' id='line_1_30' title="bbox 123 2371 863 2442; baseline 0.005 -20"><span class='ocrx_word' id='word_1_186' title='bbox 123 2371 247 2424; x_wconf 88' lang='lat' dir='ltr'>Necdum</span> <span class='ocrx_word' id='word_1_187' title='bbox 265 2371 347 2424; x_wconf 88' lang='lat' dir='ltr'>etiam</span> <span class='ocrx_word' id='word_1_188' title='bbox 364 2372 487 2438; x_wconf 86' lang='lat' dir='ltr'>geminos</span> <span class='ocrx_word' id='word_1_189' title='bbox 504 2387 521 2423; x_wconf 93' lang='lat' dir='ltr'>a</span> <span class='ocrx_word' id='word_1_190' title='bbox 537 2377 615 2438; x_wconf 88' lang='lat' dir='ltr'>tergo</span> <span class='ocrx_word' id='word_1_191' title='bbox 633 2372 743 2442; x_wconf 73' lang='lat' dir='ltr'>respicit</span> <span class='ocrx_word' id='word_1_192' title='bbox 760 2373 863 2440; x_wconf 88' lang='lat' dir='ltr'>anguis.</span> 
     </span>
     <span class='ocr_line' id='line_1_31' title="bbox 123 2445 902 2513; baseline 0.006 -15"><span class='ocrx_word' id='word_1_193' title='bbox 123 2446 357 2513; x_wconf 90' lang='lat' dir='ltr'>Omnigenumque</span> <span class='ocrx_word' id='word_1_194' title='bbox 374 2445 456 2500; x_wconf 88' lang='lat' dir='ltr'>deum</span> <span class='ocrx_word' id='word_1_195' title='bbox 474 2451 595 2499; x_wconf 85' lang='lat' dir='ltr'>monstra</span> <span class='ocrx_word' id='word_1_196' title='bbox 613 2451 642 2500; x_wconf 87' lang='lat' dir='ltr'>et</span> <span class='ocrx_word' id='word_1_197' title='bbox 659 2447 775 2502; x_wconf 88' lang='lat' dir='ltr'>latrator</span> <span class='ocrx_word' id='word_1_198' title='bbox 794 2449 902 2502; x_wconf 86' lang='lat' dir='ltr'>Anubis</span> 
     </span>
     <span class='ocr_line' id='line_1_32' title="bbox 123 2521 944 2592; baseline 0.006 -17"><span class='ocrx_word' id='word_1_199' title='bbox 123 2522 225 2575; x_wconf 79' lang='lat' dir='ltr'>Contra</span> <span class='ocrx_word' id='word_1_200' title='bbox 244 2521 402 2588; x_wconf 90' lang='lat' dir='ltr'>Neptunum</span> <span class='ocrx_word' id='word_1_201' title='bbox 420 2524 449 2574; x_wconf 92' lang='lat' dir='ltr'>et</span> <span class='ocrx_word' id='word_1_202' title='bbox 469 2521 606 2576; x_wconf 88' lang='lat' dir='ltr'>Venerem</span> <span class='ocrx_word' id='word_1_203' title='bbox 623 2527 773 2592; x_wconf 83' lang='lat' dir='ltr'>contraque</span> <span class='ocrx_word' id='word_1_204' title='bbox 791 2525 944 2580; x_wconf 89' lang='lat' dir='ltr'>Minervam</span> 
     </span>
     <span class='ocr_line' id='line_1_33' title="bbox 122 2597 969 2660; baseline 0.007 -10"><span class='ocrx_word' id='word_1_205' title='bbox 122 2598 187 2650; x_wconf 79' lang='lat' dir='ltr'>Tela</span> <span class='ocrx_word' id='word_1_206' title='bbox 204 2601 308 2650; x_wconf 88' lang='lat' dir='ltr'>tenent.</span> <span class='ocrx_word' id='word_1_207' title='bbox 345 2597 438 2650; x_wconf 82' lang='lat' dir='ltr'>Saevit</span> <span class='ocrx_word' id='word_1_208' title='bbox 455 2597 546 2650; x_wconf 88' lang='lat' dir='ltr'>medio</span> <span class='ocrx_word' id='word_1_209' title='bbox 563 2599 591 2650; x_wconf 90' lang='lat' dir='ltr'>iu</span> <span class='ocrx_word' id='word_1_210' title='bbox 610 2601 759 2654; x_wconf 88' lang='lat' dir='ltr'>certamino</span> <span class='ocrx_word' id='word_1_211' title='bbox 777 2602 888 2660; x_wconf 84' lang='lat' dir='ltr'>Mavors</span> <span class='ocrx_word' id='word_1_212' title='bbox 931 2619 969 2658; x_wconf 78' lang='lat' dir='ltr'>roo</span> 
     </span>
     <span class='ocr_line' id='line_1_34' title="bbox 122 2673 812 2743; baseline 0.004 -16"><span class='ocrx_word' id='word_1_213' title='bbox 122 2673 249 2727; x_wconf 82' lang='lat' dir='ltr'>Caelatus</span> <span class='ocrx_word' id='word_1_214' title='bbox 267 2673 347 2739; x_wconf 84' lang='lat' dir='ltr'>ferro,</span> <span class='ocrx_word' id='word_1_215' title='bbox 365 2673 514 2740; x_wconf 85' lang='lat' dir='ltr'>tristesque</span> <span class='ocrx_word' id='word_1_216' title='bbox 531 2689 566 2726; x_wconf 84' lang='lat' dir='ltr'>ex</span> <span class='ocrx_word' id='word_1_217' title='bbox 583 2675 696 2729; x_wconf 87' lang='lat' dir='ltr'>aethere</span> <span class='ocrx_word' id='word_1_218' title='bbox 714 2676 812 2743; x_wconf 79' lang='lat' dir='ltr'>Dirae3</span> 
     </span>
    </p>

    <p class='ocr_par' dir='ltr' id='par_1_15' title="bbox 122 2749 750 2820">
     <span class='ocr_line' id='line_1_35' title="bbox 122 2749 750 2820; baseline 0.003 -18"><span class='ocrx_word' id='word_1_219' title='bbox 122 2750 158 2802; x_wconf 83' lang='lat' dir='ltr'>Ilt</span> <span class='ocrx_word' id='word_1_220' title='bbox 176 2749 258 2802; x_wconf 87' lang='lat' dir='ltr'>scissa</span> <span class='ocrx_word' id='word_1_221' title='bbox 275 2749 398 2816; x_wconf 90' lang='lat' dir='ltr'>gaudeus</span> <span class='ocrx_word' id='word_1_222' title='bbox 416 2750 493 2802; x_wconf 90' lang='lat' dir='ltr'>vadit</span> <span class='ocrx_word' id='word_1_223' title='bbox 511 2749 654 2804; x_wconf 85' lang='lat' dir='ltr'>Discordia</span> <span class='ocrx_word' id='word_1_224' title='bbox 672 2752 750 2820; x_wconf 68' lang='lat' dir='ltr'>palla„</span> 
     </span>
    </p>

    <p class='ocr_par' dir='ltr' id='par_1_16' title="bbox 120 2825 968 3120">
     <span class='ocr_line' id='line_1_36' title="bbox 122 2825 860 2896; baseline 0.012 -21"><span class='ocrx_word' id='word_1_225' title='bbox 122 2825 208 2888; x_wconf 81' lang='lat' dir='ltr'>Quam</span> <span class='ocrx_word' id='word_1_226' title='bbox 227 2841 288 2878; x_wconf 85' lang='lat' dir='ltr'>curu</span> <span class='ocrx_word' id='word_1_227' title='bbox 307 2827 453 2892; x_wconf 88' lang='lat' dir='ltr'>sanguineo</span> <span class='ocrx_word' id='word_1_228' title='bbox 471 2825 596 2892; x_wconf 87' lang='lat' dir='ltr'>sequitur</span> <span class='ocrx_word' id='word_1_229' title='bbox 614 2826 729 2882; x_wconf 90' lang='lat' dir='ltr'>Bellona</span> <span class='ocrx_word' id='word_1_230' title='bbox 746 2829 860 2896; x_wconf 89' lang='lat' dir='ltr'>flagello.</span> 
     </span>
     <span class='ocr_line' id='line_1_37' title="bbox 121 2900 844 2972; baseline 0.006 -19"><span class='ocrx_word' id='word_1_231' title='bbox 121 2901 219 2953; x_wconf 89' lang='lat' dir='ltr'>Actius</span> <span class='ocrx_word' id='word_1_232' title='bbox 237 2900 303 2953; x_wconf 88' lang='lat' dir='ltr'>haec</span> <span class='ocrx_word' id='word_1_233' title='bbox 321 2918 435 2954; x_wconf 88' lang='lat' dir='ltr'>cerneus</span> <span class='ocrx_word' id='word_1_234' title='bbox 453 2917 545 2952; x_wconf 89' lang='lat' dir='ltr'>arcum</span> <span class='ocrx_word' id='word_1_235' title='bbox 564 2900 725 2956; x_wconf 89' lang='lat' dir='ltr'>intendebat</span> <span class='ocrx_word' id='word_1_236' title='bbox 744 2905 844 2972; x_wconf 89' lang='lat' dir='ltr'>Apollo</span> 
     </span>
     <span class='ocr_line' id='line_1_38' title="bbox 120 2976 968 3047; baseline 0.009 -19"><span class='ocrx_word' id='word_1_237' title='bbox 120 2976 259 3042; x_wconf 87' lang='lat' dir='ltr'>Desuper:</span> <span class='ocrx_word' id='word_1_238' title='bbox 278 2977 365 3029; x_wconf 86' lang='lat' dir='ltr'>omnis</span> <span class='ocrx_word' id='word_1_239' title='bbox 383 2993 414 3029; x_wconf 88' lang='lat' dir='ltr'>co</span> <span class='ocrx_word' id='word_1_240' title='bbox 433 2980 539 3028; x_wconf 87' lang='lat' dir='ltr'>terrore</span> <span class='ocrx_word' id='word_1_241' title='bbox 560 2977 701 3044; x_wconf 79' lang='lat' dir='ltr'>Aegyptus</span> <span class='ocrx_word' id='word_1_242' title='bbox 719 2983 748 3033; x_wconf 87' lang='lat' dir='ltr'>ot</span> <span class='ocrx_word' id='word_1_243' title='bbox 767 2980 838 3047; x_wconf 92' lang='lat' dir='ltr'>Indi,</span> <span class='ocrx_word' id='word_1_244' title='bbox 930 2995 968 3036; x_wconf 74' lang='lat' dir='ltr'>tos</span> 
     </span>
     <span class='ocr_line' id='line_1_39' title="bbox 121 3049 827 3120; baseline 0.011 -18"><span class='ocrx_word' id='word_1_245' title='bbox 121 3051 216 3103; x_wconf 88' lang='lat' dir='ltr'>Omnis</span> <span class='ocrx_word' id='word_1_246' title='bbox 236 3053 333 3118; x_wconf 89' lang='lat' dir='ltr'>Arabs,</span> <span class='ocrx_word' id='word_1_247' title='bbox 352 3068 445 3104; x_wconf 86' lang='lat' dir='ltr'>omnes</span> <span class='ocrx_word' id='word_1_248' title='bbox 463 3049 609 3103; x_wconf 87' lang='lat' dir='ltr'>vertebant</span> <span class='ocrx_word' id='word_1_249' title='bbox 626 3056 704 3120; x_wconf 84' lang='lat' dir='ltr'>terga</span> <span class='ocrx_word' id='word_1_250' title='bbox 722 3055 827 3110; x_wconf 85' lang='lat' dir='ltr'>Sabaei.</span> 
     </span>
    </p>

    <p class='ocr_par' dir='ltr' id='par_1_17' title="bbox 121 3125 688 3193">
     <span class='ocr_line' id='line_1_40' title="bbox 121 3125 688 3193; baseline 0.005 -16"><span class='ocrx_word' id='word_1_251' title='bbox 121 3125 186 3192; x_wconf 87' lang='lat' dir='ltr'>Ipsa</span> <span class='ocrx_word' id='word_1_252' title='bbox 203 3127 349 3180; x_wconf 87' lang='lat' dir='ltr'>videbatur</span> <span class='ocrx_word' id='word_1_253' title='bbox 367 3127 455 3181; x_wconf 90' lang='lat' dir='ltr'>ventis</span> <span class='ocrx_word' id='word_1_254' title='bbox 473 3126 568 3193; x_wconf 86' lang='lat' dir='ltr'>regina</span> <span class='ocrx_word' id='word_1_255' title='bbox 584 3129 688 3182; x_wconf 88' lang='lat' dir='ltr'>voeatis</span> 
     </span>
    </p>

    <p class='ocr_par' dir='ltr' id='par_1_18' title="bbox 119 3197 871 3272">
     <span class='ocr_line' id='line_1_41' title="bbox 119 3197 871 3272; baseline 0.019 -22"><span class='ocrx_word' id='word_1_256' title='bbox 119 3197 189 3252; x_wconf 79' lang='lat' dir='ltr'>Vola</span> <span class='ocrx_word' id='word_1_257' title='bbox 206 3202 280 3268; x_wconf 87' lang='lat' dir='ltr'>dare,</span> <span class='ocrx_word' id='word_1_258' title='bbox 298 3206 327 3256; x_wconf 92' lang='lat' dir='ltr'>et</span> <span class='ocrx_word' id='word_1_259' title='bbox 343 3203 419 3256; x_wconf 85' lang='lat' dir='ltr'>laxos</span> <span class='ocrx_word' id='word_1_260' title='bbox 437 3203 491 3255; x_wconf 93' lang='lat' dir='ltr'>iam</span> <span class='ocrx_word' id='word_1_261' title='bbox 509 3203 617 3272; x_wconf 89' lang='lat' dir='ltr'>iamque</span> <span class='ocrx_word' id='word_1_262' title='bbox 633 3205 772 3261; x_wconf 87' lang='lat' dir='ltr'>inmittere</span> <span class='ocrx_word' id='word_1_263' title='bbox 789 3208 871 3264; x_wconf 85' lang='lat' dir='ltr'>inuis.</span> 
     </span>
    </p>
   </div>
   <div class='ocr_carea' id='block_1_3' title="bbox 0 0 1122 3554">
    <p class='ocr_par' dir='ltr' id='par_1_19' title="bbox 0 0 1122 3554">
     <span class='ocr_line' id='line_1_42' title="bbox 0 0 1122 3554; baseline 0 1"><span class='ocrx_word' id='word_1_264' title='bbox 0 0 1122 3554; x_wconf 95' lang='lat' dir='ltr'> </span> 
     </span>
    </p>
   </div>
  </div>
 </body>
</html>
