2234 3554
121 128 167 175 228
353 125 382 174 P.
401 124 556 173 verzelei
574 124 740 174 MARONIS

121 211 238 275 Aeneas,
257 207 332 261 tristi
349 206 478 260 turbatus
496 209 609 274 pectora
628 204 706 272 bello,
748 253 756 270 ,

120 285 268 338 Procubuit
286 300 430 350 seramque
449 282 527 336 dedit
546 300 594 350 per
612 283 735 336 membra
753 285 883 352 quietem.
952 298 976 338 so

121 362 193 415 lluic
212 361 279 414 deus
297 361 356 428 ipse
373 359 425 412 loci
444 358 526 412 fluvio
545 359 686 412 Tiberinus
704 377 817 414 amoeno

121 437 255 506 Populcas
272 437 346 490 inter
365 436 455 490 senior
473 453 502 488 se
521 435 648 488 attollere
666 436 777 489 frondes

121 514 219 580 Visus;
244 531 307 567 eum
326 514 416 566 tenuis
435 513 530 579 glauco
549 512 658 565 velabat
676 513 777 566 amictu

120 590 263 656 Oarbasus,
283 595 312 644 et
330 591 413 642 crinis
432 589 560 642 umbrosa
578 589 691 657 tegebat
709 591 829 655 aruud0;

120 667 187 720 'lum
206 669 243 721 sic
261 667 349 720 adfari
368 670 397 718 et
415 683 494 718 curas
512 665 556 719 his
574 666 687 720 demere
705 665 799 720 dietis:
950 683 974 722 ss

155 744 178 797 0
197 749 256 798 sate
274 748 357 811 gente
376 743 466 810 deum,
485 743 629 796 Troianam
648 759 682 796 ex
700 742 824 796 hostibus
842 743 939 797 urbem

121 819 173 883 Qui
191 821 298 873 revehis
316 818 396 872 nobis
414 824 582 887 aeternaque
602 820 735 887 Pergama
753 836 852 886 servas,

120 897 285 964 Exspectate
304 896 361 949 solo
382 896 512 949 Laurenti
530 896 657 963 arvisque
676 895 789 964 Latinis,

122 971 174 1025 Hic
192 973 243 1026 tibi
262 977 338 1026 certa
357 972 462 1040 domus,
480 973 555 1036 certi,
574 989 608 1024 ue
627 971 737 1039 absiste,
757 973 888 1038 Penates;

120 1047 143 1099 N
147 1065 182 1101 eu
199 1048 264 1102 belli
282 1053 389 1102 terrere
407 1048 501 1113 minis;
521 1050 614 1100 tumor
632 1048 719 1101 omnis
737 1053 766 1102 et
783 1050 838 1102 irae
950 1065 974 1103 so

120 1124 284 1179 Concessere
302 1125 393 1179 deum.

121 1200 234 1270 lamque
252 1203 311 1268 tibi,
330 1219 365 1256 ne
383 1219 453 1256 rana
471 1202 638 1271 putoshaec
656 1203 760 1270 fingere
778 1218 908 1270 somnum,

120 1276 239 1330 Litoreis
256 1279 353 1346 ingens
371 1280 482 1332 inventa
499 1277 550 1330 sub
569 1277 676 1331 ilicibus
694 1295 748 1346 sus,

119 1353 243 1420 Triginta
261 1355 381 1422 capitum
400 1355 473 1407 letus
491 1353 579 1421 enixo,
597 1354 706 1420 iacebit,

120 1430 200 1496 Alba,
220 1431 278 1484 solo
295 1431 437 1496 recubans,
456 1429 511 1484 albi
530 1431 631 1484 circum
649 1430 735 1484 ubera
752 1431 818 1485 neti.
946 1447 972 1487 ss

121 1506 174 1558 llic
191 1507 266 1560 locus
284 1506 360 1558 urbis
379 1506 440 1571 erit,
459 1507 568 1573 requies
586 1523 619 1559 ea
637 1511 712 1560 certa
729 1506 861 1576 laborum,

119 1582 162 1634 Ex
181 1600 236 1651 quo
254 1588 298 1636 ter
317 1583 395 1635 denis
413 1581 509 1634 urbem
527 1583 708 1638 redeuntibus
726 1583 803 1636 annis

80 1707 82 1712 .
120 1660 252 1712 Ascanius
270 1659 336 1712 clari
354 1658 454 1711 condet
472 1659 640 1724 cognominis
660 1659 767 1712 Albam.

119 1734 203 1787 Haud
220 1736 326 1788 incerta
343 1750 418 1787 cano,
455 1733 480 1785 N
483 1751 535 1787 unc
554 1752 608 1803 qua
625 1737 740 1803 ratione,
758 1735 833 1804 quod
851 1736 943 1804 instet,

119 1811 255 1879 Expedias
273 1811 367 1876 victor,
386 1810 486 1878 paucis,
506 1811 628 1878 adverte,
648 1812 758 1866 docebo.
948 1826 973 1864 oo
1104 1863 1105 1870 ,

96 1873 243 1963 {Arcades
261 1887 303 1940 bis
322 1888 383 1953 oris,
401 1903 488 1954 genus
507 1904 523 1939 a
543 1887 666 1942 Pallante
683 1889 843 1956 profectum,

119 1963 169 2026 Qui
188 1981 281 2032 regem
301 1964 459 2017 Euandrum
478 1963 600 2030 comites,
618 1965 666 2032 qui
686 1966 763 2032 signa
781 1965 876 2032 secuti,

119 2039 251 2109 llelegere
269 2040 356 2094 locum
376 2043 404 2093 et
422 2056 538 2108 posuere
557 2040 585 2092 in
603 2041 741 2094 montibus
759 2041 856 2096 urbem

119 2116 249 2170 Pallantis
267 2117 360 2185 proavi
378 2116 414 2168 de
432 2117 542 2168 nomine
562 2115 740 2170 Pallanteum.

118 2193 156 2245 Ili
173 2193 276 2246 bellum
294 2193 409 2246 adsidue
427 2191 533 2245 ducunt
550 2208 611 2244 cum
629 2197 713 2259 gente
733 2192 846 2258 Lutiua;
946 2208 972 2248 ss
1061 2223 1063 2228 ·

117 2269 177 2321 Hos
195 2271 291 2323 castris
309 2269 409 2322 adhibe
427 2269 522 2333 socios,
540 2271 569 2320 et
586 2268 698 2322 foedera
715 2269 804 2337 iunge.

118 2345 182 2412 Ipse
199 2361 250 2412 ego
269 2349 297 2399 te
314 2345 380 2412 ripis
399 2348 428 2397 et
446 2347 522 2398 recto
540 2344 650 2398 flumine
668 2345 774 2413 ducam,

117 2421 274 2474 Advorsum
292 2421 374 2474 remis
392 2436 506 2488 superes
525 2419 671 2474 subvectus
689 2425 721 2475 ut
739 2438 853 2474 amnem.

71 2519 72 2522 ¹
118 2496 206 2564 Surge
224 2513 283 2564 age,
301 2499 366 2549 nate
385 2495 445 2562 dea,
463 2497 613 2565 primisque
630 2497 792 2552 cadentibus
810 2497 893 2551 astris

118 2571 216 2626 Iunoni
234 2573 276 2625 fer
294 2573 348 2625 rite
366 2588 470 2639 preces,
488 2572 612 2641 iramque
631 2574 773 2642 minasque
947 2589 973 2627 ω

117 2649 290 2718 supplicibus
308 2667 408 2718 supera
426 2650 505 2704 votis.
544 2650 613 2703 Mihi
631 2651 718 2704 victor
735 2650 866 2704 honorem

118 2727 267 2780 l'ersolvcs.
304 2726 362 2792 Ego
382 2743 449 2790 suni,
468 2727 547 2795 pleno
566 2743 647 2794 quern
665 2726 776 2780 flumine
794 2726 883 2780 cernis

117 2801 302 2869 Stringentem
320 2802 395 2869 ripas
413 2807 442 2854 et
460 2801 571 2868 pinguia
588 2801 661 2854 culta
679 2806 824 2868 secantem,

117 2876 263 2952 Caeruleus
282 2876 406 2944 Thybris,
425 2876 499 2929 caelo
517 2876 687 2942 gratissimus
704 2877 798 2930 amnis.

117 2951 171 3004 Hic
190 2953 255 3003 milri
274 2969 372 3019 magna
390 2953 494 3016 domus,
513 2950 592 3003 celsis
609 2955 692 3017 caput
710 2951 831 3019 urbibus,
851 2957 916 3008 exit
945 2969 972 3009 es

151 3025 236 3092 Dixit,
255 3027 355 3080 deinde
372 3028 434 3080 lacu
453 3026 562 3080 Fluvius
581 3041 611 3078 se
628 3027 751 3080 condidit
769 3029 833 3093 altu,

117 3099 177 3151 Ima
194 3106 308 3166 petens,
331 3118 384 3154 nox
406 3107 517 3154 Aenean
537 3116 703 3168 somnusque
721 3103 841 3171 reliquit.

116 3173 217 3242 Surgit,
236 3180 272 3238 et,
291 3177 405 3230 aetherii
423 3179 547 3246 spectans
565 3175 681 3232 orientia
699 3178 770 3234 Solis
