<?xml version="1.0" encoding="UTF-8"?>
<!DOCTYPE html PUBLIC "-//W3C//DTD XHTML 1.0 Transitional//EN"
    "http://www.w3.org/TR/xhtml1/DTD/xhtml1-transitional.dtd">
<html xmlns="http://www.w3.org/1999/xhtml" xml:lang="en" lang="en">
 <head>
  <title>
</title>
<meta http-equiv="Content-Type" content="text/html;charset=utf-8" />
  <meta name='ocr-system' content='tesseract 3.04.00' />
  <meta name='ocr-capabilities' content='ocr_page ocr_carea ocr_par ocr_line ocrx_word'/>
</head>
<body>
  <div class='ocr_page' id='page_1' title='image "./operaexrecensio02virggoog_0216.png"; bbox 0 0 2234 3554; ppageno 0'>
   <div class='ocr_carea' id='block_1_1' title="bbox 114 128 738 178">
    <p class='ocr_par' dir='ltr' id='par_1_1' title="bbox 114 128 738 178">
     <span class='ocr_line' id='line_1_1' title="bbox 114 128 738 178; baseline 0.002 -1"><span class='ocrx_word' id='word_1_1' title='bbox 114 131 161 178; x_wconf 78' lang='lat'><strong>204</strong></span> <span class='ocrx_word' id='word_1_2' title='bbox 352 128 382 177; x_wconf 91' lang='lat' dir='ltr'><strong>P.</strong></span> <span class='ocrx_word' id='word_1_3' title='bbox 403 128 555 177; x_wconf 80' lang='lat' dir='ltr'><strong>VERGILI</strong></span> <span class='ocrx_word' id='word_1_4' title='bbox 571 129 738 178; x_wconf 78' lang='lat' dir='ltr'><strong>MABONIS</strong></span> 
     </span>
    </p>
   </div>
   <div class='ocr_carea' id='block_1_2' title="bbox 71 205 968 3250">
    <p class='ocr_par' dir='ltr' id='par_1_2' title="bbox 109 205 968 660">
     <span class='ocr_line' id='line_1_2' title="bbox 109 205 889 282; baseline 0.009 -21"><span class='ocrx_word' id='word_1_5' title='bbox 109 205 182 262; x_wconf 86' lang='lat' dir='ltr'><strong>¹Illae</strong></span> <span class='ocrx_word' id='word_1_6' title='bbox 199 213 298 276; x_wconf 90' lang='lat' dir='ltr'><strong>autem,</strong></span> <span class='ocrx_word' id='word_1_7' title='bbox 316 208 427 277; x_wconf 84' lang='lat' dir='ltr'><strong>paribus</strong></span> <span class='ocrx_word' id='word_1_8' title='bbox 445 224 512 276; x_wconf 87' lang='lat' dir='ltr'><strong>quas</strong></span> <span class='ocrx_word' id='word_1_9' title='bbox 527 209 632 277; x_wconf 83' lang='lat' dir='ltr'><strong>fulgere</strong></span> <span class='ocrx_word' id='word_1_10' title='bbox 649 211 737 264; x_wconf 81' lang='lat' dir='ltr'><strong>cernis</strong></span> <span class='ocrx_word' id='word_1_11' title='bbox 754 211 782 264; x_wconf 92' lang='lat' dir='ltr'><strong>in</strong></span> <span class='ocrx_word' id='word_1_12' title='bbox 800 215 889 282; x_wconf 85' lang='lat' dir='ltr'><strong>amnis,</strong></span> 
     </span>
     <span class='ocr_line' id='line_1_3' title="bbox 114 286 889 357; baseline 0.005 -17"><span class='ocrx_word' id='word_1_13' title='bbox 114 286 268 340; x_wconf 83' lang='lat' dir='ltr'><strong>Concordes</strong></span> <span class='ocrx_word' id='word_1_14' title='bbox 286 286 390 339; x_wconf 81' lang='lat' dir='ltr'><strong>annuae</strong></span> <span class='ocrx_word' id='word_1_15' title='bbox 408 301 478 338; x_wconf 88' lang='lat' dir='ltr'><strong>nune</strong></span> <span class='ocrx_word' id='word_1_16' title='bbox 496 291 525 339; x_wconf 91' lang='lat' dir='ltr'><strong>et</strong></span> <span class='ocrx_word' id='word_1_17' title='bbox 543 286 608 340; x_wconf 93' lang='lat' dir='ltr'><strong>dum</strong></span> <span class='ocrx_word' id='word_1_18' title='bbox 625 291 705 341; x_wconf 89' lang='lat' dir='ltr'><strong>nocte</strong></span> <span class='ocrx_word' id='word_1_19' title='bbox 721 295 889 357; x_wconf 89' lang='lat' dir='ltr'><strong>premuntur,</strong></span> 
     </span>
     <span class='ocr_line' id='line_1_4' title="bbox 115 360 841 430; baseline 0.006 -14"><span class='ocrx_word' id='word_1_20' title='bbox 115 365 178 416; x_wconf 85' lang='lat' dir='ltr'><strong>Heu</strong></span> <span class='ocrx_word' id='word_1_21' title='bbox 196 366 327 430; x_wconf 90' lang='lat' dir='ltr'><strong>quantum</strong></span> <span class='ocrx_word' id='word_1_22' title='bbox 344 362 417 415; x_wconf 93' lang='lat' dir='ltr'><strong>inter</strong></span> <span class='ocrx_word' id='word_1_23' title='bbox 435 378 464 415; x_wconf 88' lang='lat' dir='ltr'><strong>se</strong></span> <span class='ocrx_word' id='word_1_24' title='bbox 482 360 591 429; x_wconf 90' lang='lat' dir='ltr'><strong>bellum,</strong></span> <span class='ocrx_word' id='word_1_25' title='bbox 611 365 632 416; x_wconf 94' lang='lat' dir='ltr'><strong>si</strong></span> <span class='ocrx_word' id='word_1_26' title='bbox 650 364 751 418; x_wconf 88' lang='lat' dir='ltr'><strong>lumina</strong></span> <span class='ocrx_word' id='word_1_27' title='bbox 769 367 841 420; x_wconf 87' lang='lat' dir='ltr'><strong>vitae</strong></span> 
     </span>
     <span class='ocr_line' id='line_1_5' title="bbox 115 439 839 508; baseline 0.007 -16"><span class='ocrx_word' id='word_1_28' title='bbox 115 439 276 506; x_wconf 88' lang='lat' dir='ltr'><strong>Attigerint,</strong></span> <span class='ocrx_word' id='word_1_29' title='bbox 295 441 411 506; x_wconf 88' lang='lat' dir='ltr'><strong>quantas</strong></span> <span class='ocrx_word' id='word_1_30' title='bbox 430 440 502 492; x_wconf 90' lang='lat' dir='ltr'><strong>acies</strong></span> <span class='ocrx_word' id='word_1_31' title='bbox 521 443 697 508; x_wconf 80' lang='lat' dir='ltr'><strong>stragemque</strong></span> <span class='ocrx_word' id='word_1_32' title='bbox 715 441 839 497; x_wconf 89' lang='lat' dir='ltr'><strong>ciebunt!</strong></span> 
     </span>
     <span class='ocr_line' id='line_1_6' title="bbox 114 515 968 583; baseline 0.007 -15"><span class='ocrx_word' id='word_1_33' title='bbox 114 515 269 583; x_wconf 84' lang='lat' dir='ltr'><strong>Aggeribus</strong></span> <span class='ocrx_word' id='word_1_34' title='bbox 287 531 364 568; x_wconf 90' lang='lat' dir='ltr'><strong>socer</strong></span> <span class='ocrx_word' id='word_1_35' title='bbox 384 515 492 583; x_wconf 88' lang='lat' dir='ltr'><strong>Alpinis</strong></span> <span class='ocrx_word' id='word_1_36' title='bbox 511 519 594 583; x_wconf 88' lang='lat' dir='ltr'><strong>atque</strong></span> <span class='ocrx_word' id='word_1_37' title='bbox 613 533 675 570; x_wconf 91' lang='lat' dir='ltr'><strong>arce</strong></span> <span class='ocrx_word' id='word_1_38' title='bbox 694 517 819 572; x_wconf 83' lang='lat' dir='ltr'><strong>Monoeci</strong></span> <span class='ocrx_word' id='word_1_39' title='bbox 932 534 968 574; x_wconf 77' lang='lat' dir='ltr'><strong>seo</strong></span> 
     </span>
     <span class='ocr_line' id='line_1_7' title="bbox 115 591 796 660; baseline 0.004 -16"><span class='ocrx_word' id='word_1_40' title='bbox 115 592 297 658; x_wconf 79' lang='lat' dir='ltr'><strong>Descendens,</strong></span> <span class='ocrx_word' id='word_1_41' title='bbox 315 608 400 660; x_wconf 84' lang='lat' dir='ltr'><strong>gener</strong></span> <span class='ocrx_word' id='word_1_42' title='bbox 417 592 539 645; x_wconf 86' lang='lat' dir='ltr'><strong>adversis</strong></span> <span class='ocrx_word' id='word_1_43' title='bbox 557 591 707 646; x_wconf 88' lang='lat' dir='ltr'><strong>instructus</strong></span> <span class='ocrx_word' id='word_1_44' title='bbox 726 594 796 647; x_wconf 82' lang='lat' dir='ltr'><strong>Eois.</strong></span> 
     </span>
    </p>

    <p class='ocr_par' dir='ltr' id='par_1_3' title="bbox 115 668 798 737">
     <span class='ocr_line' id='line_1_8' title="bbox 115 668 798 737; baseline 0.003 -15"><span class='ocrx_word' id='word_1_45' title='bbox 115 669 139 722; x_wconf 92' lang='lat' dir='ltr'><strong>N</strong></span> <span class='ocrx_word' id='word_1_46' title='bbox 142 686 164 736; x_wconf 89' lang='lat' dir='ltr'><strong>e,</strong></span> <span class='ocrx_word' id='word_1_47' title='bbox 182 669 266 737; x_wconf 89' lang='lat' dir='ltr'><strong>pueri,</strong></span> <span class='ocrx_word' id='word_1_48' title='bbox 285 685 319 721; x_wconf 92' lang='lat' dir='ltr'><strong>ne</strong></span> <span class='ocrx_word' id='word_1_49' title='bbox 337 672 414 721; x_wconf 87' lang='lat' dir='ltr'><strong>tanta</strong></span> <span class='ocrx_word' id='word_1_50' title='bbox 433 668 528 720; x_wconf 88' lang='lat' dir='ltr'><strong>animis</strong></span> <span class='ocrx_word' id='word_1_51' title='bbox 547 668 700 722; x_wconf 80' lang='lat' dir='ltr'><strong>adsuescite</strong></span> <span class='ocrx_word' id='word_1_52' title='bbox 718 669 798 736; x_wconf 86' lang='lat' dir='ltr'><strong>bella,</strong></span> 
     </span>
    </p>

    <p class='ocr_par' dir='ltr' id='par_1_4' title="bbox 115 743 802 813">
     <span class='ocr_line' id='line_1_9' title="bbox 115 743 802 813; baseline 0.003 -16"><span class='ocrx_word' id='word_1_53' title='bbox 115 745 138 797; x_wconf 93' lang='lat' dir='ltr'>N</span> <span class='ocrx_word' id='word_1_54' title='bbox 142 762 175 798; x_wconf 91' lang='lat' dir='ltr'><strong>eu</strong></span> <span class='ocrx_word' id='word_1_55' title='bbox 194 745 299 813; x_wconf 79' lang='lat' dir='ltr'><strong>patriae</strong></span> <span class='ocrx_word' id='word_1_56' title='bbox 317 743 420 796; x_wconf 87' lang='lat' dir='ltr'><strong>validas</strong></span> <span class='ocrx_word' id='word_1_57' title='bbox 438 744 465 796; x_wconf 92' lang='lat' dir='ltr'><strong>in</strong></span> <span class='ocrx_word' id='word_1_58' title='bbox 484 743 588 797; x_wconf 86' lang='lat' dir='ltr'><strong>viscera</strong></span> <span class='ocrx_word' id='word_1_59' title='bbox 605 747 704 799; x_wconf 88' lang='lat' dir='ltr'><strong>vertite</strong></span> <span class='ocrx_word' id='word_1_60' title='bbox 722 747 802 812; x_wconf 86' lang='lat' dir='ltr'><strong>viris;</strong></span> 
     </span>
    </p>

    <p class='ocr_par' dir='ltr' id='par_1_5' title="bbox 114 821 968 1041">
     <span class='ocr_line' id='line_1_10' title="bbox 114 821 871 891; baseline 0.001 -17"><span class='ocrx_word' id='word_1_61' title='bbox 114 821 209 890; x_wconf 84' lang='lat' dir='ltr'><strong>Tuque</strong></span> <span class='ocrx_word' id='word_1_62' title='bbox 226 821 307 888; x_wconf 91' lang='lat' dir='ltr'><strong>prior,</strong></span> <span class='ocrx_word' id='word_1_63' title='bbox 326 824 357 873; x_wconf 89' lang='lat' dir='ltr'><strong>tu</strong></span> <span class='ocrx_word' id='word_1_64' title='bbox 375 836 462 887; x_wconf 90' lang='lat' dir='ltr'><strong>parce,</strong></span> <span class='ocrx_word' id='word_1_65' title='bbox 482 836 569 888; x_wconf 86' lang='lat' dir='ltr'><strong>genus</strong></span> <span class='ocrx_word' id='word_1_66' title='bbox 588 821 634 889; x_wconf 93' lang='lat' dir='ltr'><strong>qui</strong></span> <span class='ocrx_word' id='word_1_67' title='bbox 654 821 729 874; x_wconf 90' lang='lat' dir='ltr'><strong>ducis</strong></span> <span class='ocrx_word' id='word_1_68' title='bbox 748 821 871 891; x_wconf 78' lang='lat' dir='ltr'><strong>Olympo,</strong></span> 
     </span>
     <span class='ocr_line' id='line_1_11' title="bbox 115 896 968 964; baseline 0.004 -15"><span class='ocrx_word' id='word_1_69' title='bbox 115 897 219 950; x_wconf 89' lang='lat' dir='ltr'><strong>Proiice</strong></span> <span class='ocrx_word' id='word_1_70' title='bbox 238 897 294 950; x_wconf 88' lang='lat' dir='ltr'><strong>tela</strong></span> <span class='ocrx_word' id='word_1_71' title='bbox 312 914 400 959; x_wconf 82' lang='lat' dir='ltr'><strong>niano,</strong></span> <span class='ocrx_word' id='word_1_72' title='bbox 421 896 530 964; x_wconf 88' lang='lat' dir='ltr'><strong>sanguis</strong></span> <span class='ocrx_word' id='word_1_73' title='bbox 550 901 677 950; x_wconf 88' lang='lat' dir='ltr'><strong>meusl—</strong></span> <span class='ocrx_word' id='word_1_74' title='bbox 931 913 968 952; x_wconf 77' lang='lat' dir='ltr'><strong>sss</strong></span> 
     </span>
     <span class='ocr_line' id='line_1_12' title="bbox 116 973 782 1041; baseline 0.002 -15"><span class='ocrx_word' id='word_1_75' title='bbox 116 973 166 1026; x_wconf 95' lang='lat' dir='ltr'><strong>Ille</strong></span> <span class='ocrx_word' id='word_1_76' title='bbox 184 974 350 1041; x_wconf 83' lang='lat' dir='ltr'><strong>triumphata</strong></span> <span class='ocrx_word' id='word_1_77' title='bbox 370 973 504 1041; x_wconf 81' lang='lat' dir='ltr'><strong>Capitolia</strong></span> <span class='ocrx_word' id='word_1_78' title='bbox 522 973 631 1026; x_wconf 84' lang='lat' dir='ltr'><strong>adalta</strong></span> <span class='ocrx_word' id='word_1_79' title='bbox 650 973 782 1027; x_wconf 82' lang='lat' dir='ltr'><strong>Corintho</strong></span> 
     </span>
    </p>

    <p class='ocr_par' dir='ltr' id='par_1_6' title="bbox 115 1049 797 1116">
     <span class='ocr_line' id='line_1_13' title="bbox 115 1049 797 1116; baseline 0.001 -15"><span class='ocrx_word' id='word_1_80' title='bbox 115 1049 210 1102; x_wconf 83' lang='lat' dir='ltr'><strong>Victor</strong></span> <span class='ocrx_word' id='word_1_81' title='bbox 228 1053 291 1116; x_wconf 86' lang='lat' dir='ltr'><strong>aget</strong></span> <span class='ocrx_word' id='word_1_82' title='bbox 309 1066 425 1114; x_wconf 88' lang='lat' dir='ltr'><strong>currum,</strong></span> <span class='ocrx_word' id='word_1_83' title='bbox 445 1049 531 1102; x_wconf 89' lang='lat' dir='ltr'><strong>caesis</strong></span> <span class='ocrx_word' id='word_1_84' title='bbox 549 1049 661 1116; x_wconf 91' lang='lat' dir='ltr'><strong>insignis</strong></span> <span class='ocrx_word' id='word_1_85' title='bbox 680 1051 797 1103; x_wconf 88' lang='lat' dir='ltr'><strong>Achivis.</strong></span> 
     </span>
    </p>

    <p class='ocr_par' dir='ltr' id='par_1_7' title="bbox 114 1122 966 1649">
     <span class='ocr_line' id='line_1_14' title="bbox 115 1122 833 1194; baseline 0.004 -18"><span class='ocrx_word' id='word_1_86' title='bbox 115 1122 200 1179; x_wconf 81' lang='lat' dir='ltr'><strong>Emet</strong></span> <span class='ocrx_word' id='word_1_87' title='bbox 217 1126 263 1179; x_wconf 92' lang='lat' dir='ltr'><strong>ille</strong></span> <span class='ocrx_word' id='word_1_88' title='bbox 283 1127 373 1193; x_wconf 83' lang='lat' dir='ltr'><strong>Argos</strong></span> <span class='ocrx_word' id='word_1_89' title='bbox 393 1125 679 1194; x_wconf 82' lang='lat' dir='ltr'><strong>Agamemnoniasque</strong></span> <span class='ocrx_word' id='word_1_90' title='bbox 698 1125 833 1194; x_wconf 75' lang='lat' dir='ltr'><strong>Mycenas,</strong></span> 
     </span>
     <span class='ocr_line' id='line_1_15' title="bbox 115 1198 869 1271; baseline 0.005 -20"><span class='ocrx_word' id='word_1_91' title='bbox 115 1198 262 1271; x_wconf 86' lang='lat' dir='ltr'><strong>Ipsumque</strong></span> <span class='ocrx_word' id='word_1_92' title='bbox 282 1202 428 1267; x_wconf 86' lang='lat' dir='ltr'><strong>Aeaciden,</strong></span> <span class='ocrx_word' id='word_1_93' title='bbox 447 1218 534 1268; x_wconf 88' lang='lat' dir='ltr'><strong>genus</strong></span> <span class='ocrx_word' id='word_1_94' title='bbox 552 1202 741 1269; x_wconf 87' lang='lat' dir='ltr'><strong>armipotentis</strong></span> <span class='ocrx_word' id='word_1_95' title='bbox 761 1201 869 1269; x_wconf 89' lang='lat' dir='ltr'><strong>Achilli,</strong></span> 
     </span>
     <span class='ocr_line' id='line_1_16' title="bbox 114 1277 966 1346; baseline 0.005 -16"><span class='ocrx_word' id='word_1_96' title='bbox 114 1277 195 1331; x_wconf 88' lang='lat' dir='ltr'><strong>Ultus</strong></span> <span class='ocrx_word' id='word_1_97' title='bbox 213 1296 276 1332; x_wconf 84' lang='lat' dir='ltr'><strong>avos</strong></span> <span class='ocrx_word' id='word_1_98' title='bbox 295 1279 397 1342; x_wconf 86' lang='lat' dir='ltr'><strong>Troiae,</strong></span> <span class='ocrx_word' id='word_1_99' title='bbox 416 1278 520 1346; x_wconf 87' lang='lat' dir='ltr'><strong>templa</strong></span> <span class='ocrx_word' id='word_1_100' title='bbox 539 1282 569 1331; x_wconf 92' lang='lat' dir='ltr'><strong>et</strong></span> <span class='ocrx_word' id='word_1_101' title='bbox 586 1281 720 1331; x_wconf 85' lang='lat' dir='ltr'><strong>temerata</strong></span> <span class='ocrx_word' id='word_1_102' title='bbox 739 1279 885 1333; x_wconf 86' lang='lat' dir='ltr'><strong>Minervae.</strong></span> <span class='ocrx_word' id='word_1_103' title='bbox 929 1295 966 1334; x_wconf 74' lang='lat' dir='ltr'><strong>sto</strong></span> 
     </span>
     <span class='ocr_line' id='line_1_17' title="bbox 115 1355 965 1423; baseline 0.004 -15"><span class='ocrx_word' id='word_1_104' title='bbox 115 1355 180 1422; x_wconf 82' lang='lat' dir='ltr'><strong>Quis</strong></span> <span class='ocrx_word' id='word_1_105' title='bbox 193 1358 227 1418; x_wconf 92' lang='lat' dir='ltr'><strong>te,</strong></span> <span class='ocrx_word' id='word_1_106' title='bbox 240 1371 337 1422; x_wconf 86' lang='lat' dir='ltr'><strong>magne</strong></span> <span class='ocrx_word' id='word_1_107' title='bbox 351 1355 425 1418; x_wconf 85' lang='lat' dir='ltr'><strong>Cato,</strong></span> <span class='ocrx_word' id='word_1_108' title='bbox 444 1355 565 1419; x_wconf 90' lang='lat' dir='ltr'><strong>tacitum,</strong></span> <span class='ocrx_word' id='word_1_109' title='bbox 584 1359 632 1408; x_wconf 87' lang='lat' dir='ltr'><strong>aut</strong></span> <span class='ocrx_word' id='word_1_110' title='bbox 650 1358 685 1420; x_wconf 90' lang='lat' dir='ltr'><strong>te,</strong></span> <span class='ocrx_word' id='word_1_111' title='bbox 704 1355 794 1422; x_wconf 86' lang='lat' dir='ltr'><strong>Cosso,</strong></span> <span class='ocrx_word' id='word_1_112' title='bbox 812 1355 965 1423; x_wconf 86' lang='lat' dir='ltr'><strong>relinquati</strong></span> 
     </span>
     <span class='ocr_line' id='line_1_18' title="bbox 115 1428 930 1498; baseline 0 -14"><span class='ocrx_word' id='word_1_113' title='bbox 115 1428 179 1494; x_wconf 80' lang='lat' dir='ltr'><strong>Quis</strong></span> <span class='ocrx_word' id='word_1_114' title='bbox 198 1430 313 1484; x_wconf 85' lang='lat' dir='ltr'><strong>Gracchi</strong></span> <span class='ocrx_word' id='word_1_115' title='bbox 330 1447 424 1498; x_wconf 90' lang='lat' dir='ltr'><strong>genus,</strong></span> <span class='ocrx_word' id='word_1_116' title='bbox 443 1433 491 1483; x_wconf 90' lang='lat' dir='ltr'><strong>aut</strong></span> <span class='ocrx_word' id='word_1_117' title='bbox 509 1431 638 1498; x_wconf 86' lang='lat' dir='ltr'><strong>geminos,</strong></span> <span class='ocrx_word' id='word_1_118' title='bbox 658 1431 712 1483; x_wconf 92' lang='lat' dir='ltr'><strong>duo</strong></span> <span class='ocrx_word' id='word_1_119' title='bbox 730 1432 843 1484; x_wconf 81' lang='lat' dir='ltr'><strong>fulmina</strong></span> <span class='ocrx_word' id='word_1_120' title='bbox 861 1430 930 1495; x_wconf 88' lang='lat' dir='ltr'><strong>belli,</strong></span> 
     </span>
     <span class='ocr_line' id='line_1_19' title="bbox 114 1504 826 1576; baseline 0.004 -18"><span class='ocrx_word' id='word_1_121' title='bbox 114 1505 260 1574; x_wconf 78' lang='lat' dir='ltr'><strong>Scipiadas,</strong></span> <span class='ocrx_word' id='word_1_122' title='bbox 279 1505 384 1559; x_wconf 87' lang='lat' dir='ltr'><strong>cladem</strong></span> <span class='ocrx_word' id='word_1_123' title='bbox 404 1504 513 1574; x_wconf 83' lang='lat' dir='ltr'><strong>Libyae,</strong></span> <span class='ocrx_word' id='word_1_124' title='bbox 531 1523 669 1575; x_wconf 84' lang='lat' dir='ltr'><strong>parvoque</strong></span> <span class='ocrx_word' id='word_1_125' title='bbox 686 1512 826 1576; x_wconf 88' lang='lat' dir='ltr'><strong>potentem</strong></span> 
     </span>
     <span class='ocr_line' id='line_1_20' title="bbox 115 1581 802 1649; baseline 0.004 -15"><span class='ocrx_word' id='word_1_126' title='bbox 115 1581 274 1648; x_wconf 78' lang='lat' dir='ltr'><strong>Fabricium,</strong></span> <span class='ocrx_word' id='word_1_127' title='bbox 294 1581 384 1635; x_wconf 89' lang='lat' dir='ltr'><strong>velte</strong></span> <span class='ocrx_word' id='word_1_128' title='bbox 403 1581 484 1645; x_wconf 90' lang='lat' dir='ltr'><strong>sulco,</strong></span> <span class='ocrx_word' id='word_1_129' title='bbox 504 1582 627 1649; x_wconf 82' lang='lat' dir='ltr'><strong>Serrano,</strong></span> <span class='ocrx_word' id='word_1_130' title='bbox 647 1585 802 1637; x_wconf 86' lang='lat' dir='ltr'><strong>serenteml</strong></span> 
     </span>
    </p>

    <p class='ocr_par' dir='ltr' id='par_1_8' title="bbox 114 1657 965 1802">
     <span class='ocr_line' id='line_1_21' title="bbox 114 1657 965 1726; baseline 0.004 -16"><span class='ocrx_word' id='word_1_131' title='bbox 114 1657 172 1722; x_wconf 76' lang='lat' dir='ltr'><strong>Quo</strong></span> <span class='ocrx_word' id='word_1_132' title='bbox 190 1658 291 1710; x_wconf 83' lang='lat' dir='ltr'><strong>fessum</strong></span> <span class='ocrx_word' id='word_1_133' title='bbox 310 1657 413 1726; x_wconf 86' lang='lat' dir='ltr'><strong>rapitis,</strong></span> <span class='ocrx_word' id='word_1_134' title='bbox 434 1657 528 1712; x_wconf 77' lang='lat' dir='ltr'><strong>llabiil</strong></span> <span class='ocrx_word' id='word_1_135' title='bbox 547 1664 579 1712; x_wconf 91' lang='lat' dir='ltr'><strong>tu</strong></span> <span class='ocrx_word' id='word_1_136' title='bbox 597 1659 742 1712; x_wconf 84' lang='lat' dir='ltr'><strong>Maxumus</strong></span> <span class='ocrx_word' id='word_1_137' title='bbox 760 1659 806 1713; x_wconf 94' lang='lat' dir='ltr'><strong>ille</strong></span> <span class='ocrx_word' id='word_1_138' title='bbox 824 1675 861 1726; x_wconf 88' lang='lat' dir='ltr'><strong>es,</strong></span> <span class='ocrx_word' id='word_1_139' title='bbox 929 1673 965 1713; x_wconf 78' lang='lat' dir='ltr'><strong>sss</strong></span> 
     </span>
     <span class='ocr_line' id='line_1_22' title="bbox 114 1733 745 1802; baseline 0.003 -16"><span class='ocrx_word' id='word_1_140' title='bbox 114 1733 190 1786; x_wconf 91' lang='lat' dir='ltr'><strong>Unus</strong></span> <span class='ocrx_word' id='word_1_141' title='bbox 209 1733 256 1802; x_wconf 90' lang='lat' dir='ltr'><strong>qui</strong></span> <span class='ocrx_word' id='word_1_142' title='bbox 273 1733 350 1786; x_wconf 92' lang='lat' dir='ltr'><strong>nobis</strong></span> <span class='ocrx_word' id='word_1_143' title='bbox 369 1734 521 1788; x_wconf 87' lang='lat' dir='ltr'><strong>cunctando</strong></span> <span class='ocrx_word' id='word_1_144' title='bbox 540 1735 662 1788; x_wconf 81' lang='lat' dir='ltr'><strong>restituis</strong></span> <span class='ocrx_word' id='word_1_145' title='bbox 680 1751 745 1788; x_wconf 89' lang='lat' dir='ltr'><strong>rem.</strong></span> 
     </span>
    </p>

    <p class='ocr_par' dir='ltr' id='par_1_9' title="bbox 71 1809 682 1879">
     <span class='ocr_line' id='line_1_23' title="bbox 71 1809 682 1879; baseline 0.003 -19"><span class='ocrx_word' id='word_1_146' title='bbox 71 1845 76 1866; x_wconf 73' lang='lat'><strong>,</strong></span> <span class='ocrx_word' id='word_1_147' title='bbox 116 1809 256 1863; x_wconf 78' lang='lat' dir='ltr'><strong>llxcndent</strong></span> <span class='ocrx_word' id='word_1_148' title='bbox 276 1811 321 1862; x_wconf 88' lang='lat' dir='ltr'><strong>nlii</strong></span> <span class='ocrx_word' id='word_1_149' title='bbox 340 1811 471 1879; x_wconf 88' lang='lat' dir='ltr'><strong>spirantia</strong></span> <span class='ocrx_word' id='word_1_150' title='bbox 489 1811 595 1864; x_wconf 91' lang='lat' dir='ltr'><strong>mollius</strong></span> <span class='ocrx_word' id='word_1_151' title='bbox 612 1827 682 1874; x_wconf 87' lang='lat' dir='ltr'><strong>aera,</strong></span> 
     </span>
    </p>

    <p class='ocr_par' dir='ltr' id='par_1_10' title="bbox 113 1885 885 2030">
     <span class='ocr_line' id='line_1_24' title="bbox 113 1885 885 1954; baseline 0.003 -16"><span class='ocrx_word' id='word_1_152' title='bbox 113 1885 202 1938; x_wconf 81' lang='lat' dir='ltr'><strong>Credo</strong></span> <span class='ocrx_word' id='word_1_153' title='bbox 220 1886 356 1954; x_wconf 91' lang='lat' dir='ltr'><strong>equidem,</strong></span> <span class='ocrx_word' id='word_1_154' title='bbox 374 1887 446 1940; x_wconf 86' lang='lat' dir='ltr'><strong>vivos</strong></span> <span class='ocrx_word' id='word_1_155' title='bbox 465 1887 566 1940; x_wconf 91' lang='lat' dir='ltr'><strong>ducent</strong></span> <span class='ocrx_word' id='word_1_156' title='bbox 585 1886 619 1939; x_wconf 93' lang='lat' dir='ltr'><strong>de</strong></span> <span class='ocrx_word' id='word_1_157' title='bbox 636 1903 772 1940; x_wconf 91' lang='lat' dir='ltr'><strong>marmore</strong></span> <span class='ocrx_word' id='word_1_158' title='bbox 790 1887 885 1948; x_wconf 77' lang='lat' dir='ltr'><strong>voltus,</strong></span> 
     </span>
     <span class='ocr_line' id='line_1_25' title="bbox 113 1961 749 2030; baseline 0.002 -16"><span class='ocrx_word' id='word_1_159' title='bbox 113 1961 239 2014; x_wconf 88' lang='lat' dir='ltr'><strong>Orabunt</strong></span> <span class='ocrx_word' id='word_1_160' title='bbox 257 1978 363 2017; x_wconf 86' lang='lat' dir='ltr'><strong>caussas</strong></span> <span class='ocrx_word' id='word_1_161' title='bbox 382 1963 486 2029; x_wconf 89' lang='lat' dir='ltr'><strong>melius,</strong></span> <span class='ocrx_word' id='word_1_162' title='bbox 504 1962 626 2030; x_wconf 85' lang='lat' dir='ltr'><strong>caelique</strong></span> <span class='ocrx_word' id='word_1_163' title='bbox 643 1967 749 2015; x_wconf 87' lang='lat' dir='ltr'><strong>meatus</strong></span> 
     </span>
    </p>

    <p class='ocr_par' dir='ltr' id='par_1_11' title="bbox 113 2037 966 2184">
     <span class='ocr_line' id='line_1_26' title="bbox 114 2037 966 2106; baseline 0.004 -16"><span class='ocrx_word' id='word_1_164' title='bbox 114 2037 274 2092; x_wconf 88' lang='lat' dir='ltr'><strong>Describent</strong></span> <span class='ocrx_word' id='word_1_165' title='bbox 292 2039 368 2093; x_wconf 92' lang='lat' dir='ltr'><strong>radio</strong></span> <span class='ocrx_word' id='word_1_166' title='bbox 387 2042 415 2092; x_wconf 90' lang='lat' dir='ltr'><strong>et</strong></span> <span class='ocrx_word' id='word_1_167' title='bbox 433 2037 573 2106; x_wconf 88' lang='lat' dir='ltr'><strong>surgentia</strong></span> <span class='ocrx_word' id='word_1_168' title='bbox 591 2037 681 2091; x_wconf 87' lang='lat' dir='ltr'><strong>sidera</strong></span> <span class='ocrx_word' id='word_1_169' title='bbox 699 2038 804 2093; x_wconf 89' lang='lat' dir='ltr'><strong>dicent:</strong></span> <span class='ocrx_word' id='word_1_170' title='bbox 928 2054 966 2092; x_wconf 85' lang='lat' dir='ltr'><strong>ssa</strong></span> 
     </span>
     <span class='ocr_line' id='line_1_27' title="bbox 113 2113 845 2184; baseline 0.003 -18"><span class='ocrx_word' id='word_1_171' title='bbox 113 2113 153 2166; x_wconf 84' lang='lat' dir='ltr'><strong>Tu</strong></span> <span class='ocrx_word' id='word_1_172' title='bbox 171 2131 267 2181; x_wconf 86' lang='lat' dir='ltr'><strong>regere</strong></span> <span class='ocrx_word' id='word_1_173' title='bbox 285 2115 388 2184; x_wconf 88' lang='lat' dir='ltr'><strong>inperio</strong></span> <span class='ocrx_word' id='word_1_174' title='bbox 407 2115 525 2183; x_wconf 91' lang='lat' dir='ltr'><strong>populos,</strong></span> <span class='ocrx_word' id='word_1_175' title='bbox 545 2114 676 2180; x_wconf 85' lang='lat' dir='ltr'><strong>Romane,</strong></span> <span class='ocrx_word' id='word_1_176' title='bbox 693 2120 845 2180; x_wconf 89' lang='lat' dir='ltr'><strong>memento;</strong></span> 
     </span>
    </p>

    <p class='ocr_par' dir='ltr' id='par_1_12' title="bbox 114 2190 871 2334">
     <span class='ocr_line' id='line_1_28' title="bbox 114 2190 871 2258; baseline 0.001 -15"><span class='ocrx_word' id='word_1_177' title='bbox 114 2190 175 2244; x_wconf 89' lang='lat' dir='ltr'><strong>Hae</strong></span> <span class='ocrx_word' id='word_1_178' title='bbox 193 2190 244 2244; x_wconf 91' lang='lat' dir='ltr'><strong>tihi</strong></span> <span class='ocrx_word' id='word_1_179' title='bbox 263 2195 343 2244; x_wconf 89' lang='lat' dir='ltr'><strong>crunt</strong></span> <span class='ocrx_word' id='word_1_180' title='bbox 362 2194 448 2256; x_wconf 74' lang='lat' dir='ltr'><strong>artes,</strong></span> <span class='ocrx_word' id='word_1_181' title='bbox 467 2191 595 2258; x_wconf 85' lang='lat' dir='ltr'><strong>pacisque</strong></span> <span class='ocrx_word' id='word_1_182' title='bbox 614 2190 742 2257; x_wconf 89' lang='lat' dir='ltr'><strong>inponere</strong></span> <span class='ocrx_word' id='word_1_183' title='bbox 760 2207 871 2258; x_wconf 90' lang='lat' dir='ltr'><strong>morem,</strong></span> 
     </span>
     <span class='ocr_line' id='line_1_29' title="bbox 114 2265 743 2334; baseline 0.002 -16"><span class='ocrx_word' id='word_1_184' title='bbox 114 2267 230 2320; x_wconf 87' lang='lat' dir='ltr'><strong>Parcere</strong></span> <span class='ocrx_word' id='word_1_185' title='bbox 248 2266 383 2330; x_wconf 86' lang='lat' dir='ltr'><strong>subiectis,</strong></span> <span class='ocrx_word' id='word_1_186' title='bbox 402 2270 430 2320; x_wconf 91' lang='lat' dir='ltr'><strong>et</strong></span> <span class='ocrx_word' id='word_1_187' title='bbox 448 2266 586 2320; x_wconf 86' lang='lat' dir='ltr'><strong>debellare</strong></span> <span class='ocrx_word' id='word_1_188' title='bbox 605 2265 743 2334; x_wconf 86' lang='lat' dir='ltr'><strong>superbos.</strong></span> 
     </span>
    </p>

    <p class='ocr_par' dir='ltr' id='par_1_13' title="bbox 115 2341 965 2563">
     <span class='ocr_line' id='line_1_30' title="bbox 148 2341 922 2410; baseline 0.001 -14"><span class='ocrx_word' id='word_1_189' title='bbox 148 2341 192 2396; x_wconf 85' lang='lat' dir='ltr'><strong>Sic</strong></span> <span class='ocrx_word' id='word_1_190' title='bbox 210 2346 288 2410; x_wconf 87' lang='lat' dir='ltr'><strong>pater</strong></span> <span class='ocrx_word' id='word_1_191' title='bbox 308 2342 445 2405; x_wconf 84' lang='lat' dir='ltr'><strong>Anchises,</strong></span> <span class='ocrx_word' id='word_1_192' title='bbox 464 2346 546 2409; x_wconf 87' lang='lat' dir='ltr'><strong>atque</strong></span> <span class='ocrx_word' id='word_1_193' title='bbox 564 2342 632 2396; x_wconf 91' lang='lat' dir='ltr'><strong>haec</strong></span> <span class='ocrx_word' id='word_1_194' title='bbox 649 2342 812 2396; x_wconf 88' lang='lat' dir='ltr'><strong>mirantibus</strong></span> <span class='ocrx_word' id='word_1_195' title='bbox 830 2343 922 2397; x_wconf 84' lang='lat' dir='ltr'><strong>addit:</strong></span> 
     </span>
     <span class='ocr_line' id='line_1_31' title="bbox 115 2417 965 2490; baseline 0 -18"><span class='ocrx_word' id='word_1_196' title='bbox 115 2417 272 2490; x_wconf 77' lang='lat' dir='ltr'><strong>Aspice,ut</strong></span> <span class='ocrx_word' id='word_1_197' title='bbox 287 2417 400 2483; x_wconf 90' lang='lat' dir='ltr'><strong>insignis</strong></span> <span class='ocrx_word' id='word_1_198' title='bbox 418 2418 510 2485; x_wconf 89' lang='lat' dir='ltr'><strong>spoliis</strong></span> <span class='ocrx_word' id='word_1_199' title='bbox 530 2418 676 2472; x_wconf 88' lang='lat' dir='ltr'><strong>Marcellus</strong></span> <span class='ocrx_word' id='word_1_200' title='bbox 693 2419 789 2487; x_wconf 88' lang='lat' dir='ltr'><strong>opimis</strong></span> <span class='ocrx_word' id='word_1_201' title='bbox 928 2435 965 2473; x_wconf 84' lang='lat' dir='ltr'><strong>sss</strong></span> 
     </span>
     <span class='ocr_line' id='line_1_32' title="bbox 115 2493 849 2563; baseline 0.001 -16"><span class='ocrx_word' id='word_1_202' title='bbox 115 2493 279 2562; x_wconf 85' lang='lat' dir='ltr'><strong>Ingreditur,</strong></span> <span class='ocrx_word' id='word_1_203' title='bbox 299 2493 437 2560; x_wconf 89' lang='lat' dir='ltr'><strong>victorque</strong></span> <span class='ocrx_word' id='word_1_204' title='bbox 455 2494 526 2548; x_wconf 91' lang='lat' dir='ltr'><strong>viros</strong></span> <span class='ocrx_word' id='word_1_205' title='bbox 546 2496 731 2563; x_wconf 80' lang='lat' dir='ltr'><strong>supereminet</strong></span> <span class='ocrx_word' id='word_1_206' title='bbox 749 2495 849 2550; x_wconf 85' lang='lat' dir='ltr'><strong>omnis!</strong></span> 
     </span>
    </p>

    <p class='ocr_par' dir='ltr' id='par_1_14' title="bbox 115 2568 832 2638">
     <span class='ocr_line' id='line_1_33' title="bbox 115 2568 832 2638; baseline 0.001 -14"><span class='ocrx_word' id='word_1_207' title='bbox 115 2571 169 2624; x_wconf 93' lang='lat' dir='ltr'><strong>Hic</strong></span> <span class='ocrx_word' id='word_1_208' title='bbox 183 2586 242 2622; x_wconf 91' lang='lat' dir='ltr'><strong>rem</strong></span> <span class='ocrx_word' id='word_1_209' title='bbox 261 2568 419 2634; x_wconf 87' lang='lat' dir='ltr'><strong>Romanam,</strong></span> <span class='ocrx_word' id='word_1_210' title='bbox 439 2586 537 2638; x_wconf 89' lang='lat' dir='ltr'><strong>magno</strong></span> <span class='ocrx_word' id='word_1_211' title='bbox 557 2571 685 2625; x_wconf 86' lang='lat' dir='ltr'><strong>turbante</strong></span> <span class='ocrx_word' id='word_1_212' title='bbox 704 2571 832 2638; x_wconf 91' lang='lat' dir='ltr'><strong>tumultu,</strong></span> 
     </span>
    </p>

    <p class='ocr_par' dir='ltr' id='par_1_15' title="bbox 114 2647 892 2793">
     <span class='ocr_line' id='line_1_34' title="bbox 114 2647 892 2717; baseline 0 -17"><span class='ocrx_word' id='word_1_213' title='bbox 114 2647 206 2714; x_wconf 81' lang='lat' dir='ltr'><strong>Sistet,</strong></span> <span class='ocrx_word' id='word_1_214' title='bbox 224 2662 307 2714; x_wconf 82' lang='lat' dir='ltr'><strong>equos</strong></span> <span class='ocrx_word' id='word_1_215' title='bbox 326 2650 432 2700; x_wconf 86' lang='lat' dir='ltr'><strong>sternet</strong></span> <span class='ocrx_word' id='word_1_216' title='bbox 451 2647 555 2701; x_wconf 91' lang='lat' dir='ltr'><strong>Poenos</strong></span> <span class='ocrx_word' id='word_1_217' title='bbox 574 2647 737 2717; x_wconf 83' lang='lat' dir='ltr'><strong>Gallumque</strong></span> <span class='ocrx_word' id='word_1_218' title='bbox 755 2647 892 2710; x_wconf 83' lang='lat' dir='ltr'><strong>rebellem,</strong></span> 
     </span>
     <span class='ocr_line' id='line_1_35' title="bbox 115 2723 847 2793; baseline 0.001 -17"><span class='ocrx_word' id='word_1_219' title='bbox 115 2723 260 2790; x_wconf 80' lang='lat' dir='ltr'><strong>Tertiaque</strong></span> <span class='ocrx_word' id='word_1_220' title='bbox 278 2739 353 2776; x_wconf 90' lang='lat' dir='ltr'><strong>arma</strong></span> <span class='ocrx_word' id='word_1_221' title='bbox 370 2724 442 2792; x_wconf 90' lang='lat' dir='ltr'><strong>patri</strong></span> <span class='ocrx_word' id='word_1_222' title='bbox 461 2725 610 2793; x_wconf 85' lang='lat' dir='ltr'><strong>suspendet</strong></span> <span class='ocrx_word' id='word_1_223' title='bbox 630 2729 710 2793; x_wconf 90' lang='lat' dir='ltr'><strong>capta</strong></span> <span class='ocrx_word' id='word_1_224' title='bbox 728 2724 847 2790; x_wconf 85' lang='lat' dir='ltr'><strong>Quirino.</strong></span> 
     </span>
    </p>

    <p class='ocr_par' dir='ltr' id='par_1_16' title="bbox 116 2799 967 2944">
     <span class='ocr_line' id='line_1_36' title="bbox 116 2799 967 2869; baseline -0.002 -17"><span class='ocrx_word' id='word_1_225' title='bbox 116 2802 209 2868; x_wconf 90' lang='lat' dir='ltr'><strong>Atque</strong></span> <span class='ocrx_word' id='word_1_226' title='bbox 226 2799 270 2853; x_wconf 91' lang='lat' dir='ltr'><strong>hic</strong></span> <span class='ocrx_word' id='word_1_227' title='bbox 289 2804 412 2866; x_wconf 87' lang='lat' dir='ltr'><strong>Aeneas;</strong></span> <span class='ocrx_word' id='word_1_228' title='bbox 429 2817 484 2854; x_wconf 90' lang='lat' dir='ltr'><strong>una</strong></span> <span class='ocrx_word' id='word_1_229' title='bbox 500 2817 617 2869; x_wconf 87' lang='lat' dir='ltr'><strong>namque</strong></span> <span class='ocrx_word' id='word_1_230' title='bbox 636 2801 676 2853; x_wconf 88' lang='lat' dir='ltr'><strong>irc</strong></span> <span class='ocrx_word' id='word_1_231' title='bbox 695 2800 807 2854; x_wconf 83' lang='lat' dir='ltr'><strong>videbat</strong></span> <span class='ocrx_word' id='word_1_232' title='bbox 929 2811 967 2850; x_wconf 83' lang='lat' dir='ltr'><strong>seo</strong></span> 
     </span>
     <span class='ocr_line' id='line_1_37' title="bbox 116 2875 845 2944; baseline -0.001 -15"><span class='ocrx_word' id='word_1_233' title='bbox 116 2877 260 2944; x_wconf 85' lang='lat' dir='ltr'><strong>Egregium</strong></span> <span class='ocrx_word' id='word_1_234' title='bbox 279 2877 365 2930; x_wconf 86' lang='lat' dir='ltr'><strong>forma</strong></span> <span class='ocrx_word' id='word_1_235' title='bbox 381 2877 506 2931; x_wconf 87' lang='lat' dir='ltr'><strong>iuvenem</strong></span> <span class='ocrx_word' id='word_1_236' title='bbox 524 2880 554 2929; x_wconf 92' lang='lat' dir='ltr'><strong>et</strong></span> <span class='ocrx_word' id='word_1_237' title='bbox 571 2876 738 2941; x_wconf 84' lang='lat' dir='ltr'><strong>fulgentibus</strong></span> <span class='ocrx_word' id='word_1_238' title='bbox 756 2875 845 2941; x_wconf 85' lang='lat' dir='ltr'><strong>armis,</strong></span> 
     </span>
    </p>

    <p class='ocr_par' dir='ltr' id='par_1_17' title="bbox 115 2950 868 3021">
     <span class='ocr_line' id='line_1_38' title="bbox 115 2950 868 3021; baseline -0.004 -15"><span class='ocrx_word' id='word_1_239' title='bbox 115 2951 170 3006; x_wconf 83' lang='lat' dir='ltr'><strong>Sed</strong></span> <span class='ocrx_word' id='word_1_240' title='bbox 187 2953 261 3006; x_wconf 76' lang='lat' dir='ltr'><strong>frons</strong></span> <span class='ocrx_word' id='word_1_241' title='bbox 278 2954 351 3007; x_wconf 88' lang='lat' dir='ltr'><strong>laeta</strong></span> <span class='ocrx_word' id='word_1_242' title='bbox 368 2969 472 3021; x_wconf 86' lang='lat' dir='ltr'><strong>parum,</strong></span> <span class='ocrx_word' id='word_1_243' title='bbox 490 2955 519 3005; x_wconf 84' lang='lat' dir='ltr'><strong>et</strong></span> <span class='ocrx_word' id='word_1_244' title='bbox 537 2951 643 3005; x_wconf 84' lang='lat' dir='ltr'><strong>deiecto</strong></span> <span class='ocrx_word' id='word_1_245' title='bbox 661 2951 763 3004; x_wconf 84' lang='lat' dir='ltr'><strong>lumina</strong></span> <span class='ocrx_word' id='word_1_246' title='bbox 780 2950 868 3003; x_wconf 88' lang='lat' dir='ltr'><strong>voltu:</strong></span> 
     </span>
    </p>

    <p class='ocr_par' dir='ltr' id='par_1_18' title="bbox 115 3027 902 3173">
     <span class='ocr_line' id='line_1_39' title="bbox 115 3027 902 3096; baseline -0.003 -15"><span class='ocrx_word' id='word_1_247' title='bbox 115 3028 188 3094; x_wconf 85' lang='lat' dir='ltr'><strong>Quis,</strong></span> <span class='ocrx_word' id='word_1_248' title='bbox 206 3033 292 3096; x_wconf 85' lang='lat' dir='ltr'><strong>pater,</strong></span> <span class='ocrx_word' id='word_1_249' title='bbox 309 3029 362 3094; x_wconf 91' lang='lat' dir='ltr'><strong>ille,</strong></span> <span class='ocrx_word' id='word_1_250' title='bbox 381 3030 469 3082; x_wconf 79' lang='lat' dir='ltr'><strong>vinum</strong></span> <span class='ocrx_word' id='word_1_251' title='bbox 487 3027 533 3095; x_wconf 92' lang='lat' dir='ltr'><strong>qui</strong></span> <span class='ocrx_word' id='word_1_252' title='bbox 552 3027 590 3080; x_wconf 89' lang='lat' dir='ltr'><strong>sic</strong></span> <span class='ocrx_word' id='word_1_253' title='bbox 607 3027 755 3081; x_wconf 86' lang='lat' dir='ltr'><strong>comitatur</strong></span> <span class='ocrx_word' id='word_1_254' title='bbox 773 3027 902 3080; x_wconf 85' lang='lat' dir='ltr'><strong>eunteml</strong></span> 
     </span>
     <span class='ocr_line' id='line_1_40' title="bbox 116 3103 850 3173; baseline 0 -18"><span class='ocrx_word' id='word_1_255' title='bbox 116 3103 207 3170; x_wconf 82' lang='lat' dir='ltr'><strong>Filius,</strong></span> <span class='ocrx_word' id='word_1_256' title='bbox 226 3121 295 3158; x_wconf 86' lang='lat' dir='ltr'><strong>anne</strong></span> <span class='ocrx_word' id='word_1_257' title='bbox 313 3105 411 3173; x_wconf 83' lang='lat' dir='ltr'><strong>aliquis</strong></span> <span class='ocrx_word' id='word_1_258' title='bbox 428 3120 527 3170; x_wconf 86' lang='lat' dir='ltr'><strong>magna</strong></span> <span class='ocrx_word' id='word_1_259' title='bbox 545 3103 580 3156; x_wconf 87' lang='lat' dir='ltr'><strong>do</strong></span> <span class='ocrx_word' id='word_1_260' title='bbox 599 3105 684 3172; x_wconf 88' lang='lat' dir='ltr'><strong>stirpe</strong></span> <span class='ocrx_word' id='word_1_261' title='bbox 701 3103 850 3170; x_wconf 89' lang='lat' dir='ltr'><strong>nopotuml</strong></span> 
     </span>
    </p>

    <p class='ocr_par' dir='ltr' id='par_1_19' title="bbox 116 3175 966 3250">
     <span class='ocr_line' id='line_1_41' title="bbox 116 3175 966 3250; baseline 0.004 -22"><span class='ocrx_word' id='word_1_262' title='bbox 116 3179 181 3238; x_wconf 79' lang='lat' dir='ltr'><strong>Quis</strong></span> <span class='ocrx_word' id='word_1_263' title='bbox 193 3183 325 3250; x_wconf 79' lang='lat' dir='ltr'><strong>strepitus</strong></span> <span class='ocrx_word' id='word_1_264' title='bbox 343 3182 414 3234; x_wconf 87' lang='lat' dir='ltr'><strong>circa</strong></span> <span class='ocrx_word' id='word_1_265' title='bbox 430 3180 572 3232; x_wconf 80' lang='lat' dir='ltr'><strong>comitum!</strong></span> <span class='ocrx_word' id='word_1_266' title='bbox 592 3183 725 3248; x_wconf 88' lang='lat' dir='ltr'><strong>quantum</strong></span> <span class='ocrx_word' id='word_1_267' title='bbox 743 3178 830 3232; x_wconf 89' lang='lat' dir='ltr'><strong>instar</strong></span> <span class='ocrx_word' id='word_1_268' title='bbox 847 3178 874 3231; x_wconf 94' lang='lat' dir='ltr'><strong>in</strong></span> <span class='ocrx_word' id='word_1_269' title='bbox 892 3175 966 3248; x_wconf 78' lang='lat' dir='ltr'><strong>ipsc!</strong></span> 
     </span>
    </p>
   </div>
   <div class='ocr_carea' id='block_1_3' title="bbox 0 0 1124 3554">
    <p class='ocr_par' dir='ltr' id='par_1_20' title="bbox 0 0 1124 3554">
     <span class='ocr_line' id='line_1_42' title="bbox 0 0 1124 3554; baseline 0 0"><span class='ocrx_word' id='word_1_270' title='bbox 0 0 1124 3554; x_wconf 95' lang='lat' dir='ltr'><strong> </strong></span> 
     </span>
    </p>
   </div>
  </div>
 </body>
</html>
