2232 3556
410 137 594 184 AENEIDOS
612 135 679 184 LIB.
699 136 734 185 X.
961 141 1007 190 287

130 237 131 240 ¹
157 214 296 283 Ingemuit
315 213 370 267 cari
388 216 510 282 graviter
527 215 660 283 genitoris
677 232 776 284 amore,

156 291 196 345 Ut
213 291 291 357 vidit,
311 290 424 357 Lausus,
442 292 624 361 lacrimaeque
642 309 693 361 per
710 308 758 345 ora
775 293 890 348 volutae.
972 307 1009 350 tao

157 367 211 420 Hic
228 366 325 420 mortis
343 366 429 420 durae
447 383 539 420 casum
558 372 661 435 tuaque
679 371 791 438 optuma
808 370 887 436 faeta,

156 443 185 496 si
203 461 258 512 qua
276 443 359 496 fidem
378 447 455 497 tanto
474 447 516 496 est
534 444 611 512 operi
628 444 719 498 latina
736 449 865 512 vetustas,

156 519 218 572 Non
237 519 372 588 equidem,
389 536 439 573 nee
457 523 493 585 te,
512 520 617 573 iuvenis
636 521 818 587 memorande,
838 522 931 576 silebo.

157 595 208 648 Ille
226 596 326 662 pedem
344 597 464 648 referens
483 599 512 649 et
529 596 634 649 inutilis
653 597 735 665 inque
753 597 853 665 ligatus

157 671 287 736 Cedebat,
306 671 447 739 clipeoque
465 672 604 726 inimicum
622 672 721 726 hastile
739 673 873 728 trahebat.
973 690 1008 730 aas

159 747 296 817 Proripuit
314 748 419 800 iuvenis
438 765 552 816 seseque
570 749 709 802 inmiscuit
726 751 816 815 armis,

156 824 270 892 lamque
288 824 463 891 adsurgentis
481 824 580 878 dextra
597 825 760 894 plagamque
777 826 891 880 ferentis

137 951 140 960 ,
156 901 266 954 Aeneae
285 900 369 954 subiit
388 917 551 967 mucronem,
570 901 715 970 ipsumque
732 901 865 956 morando

154 976 305 1042 Sustinuit;
324 977 388 1030 socii
406 994 503 1045 niagno
521 978 638 1032 elamore
657 983 815 1046 sequuntur,

155 1053 227 1106 Dum
244 1055 353 1122 genitor
371 1053 429 1106 nati
447 1070 541 1121 parma
559 1058 701 1122 protectus
720 1055 818 1122 abiret,
971 1071 1008 1108 sao

154 1129 272 1198 Telaque
291 1130 447 1197 conficiunt,
466 1131 688 1198 proturbantque
706 1130 811 1184 eminus
829 1130 936 1184 hostem

154 1205 312 1261 Missilibus.
350 1206 431 1260 Furit
451 1209 568 1274 Aeneas,
586 1210 733 1275 tectusque
751 1211 829 1260 tenet
847 1224 883 1260 se.

157 1284 197 1336 Ac
215 1283 290 1338 velut
308 1283 394 1336 effusa
413 1283 436 1336 si
455 1283 565 1351 quando
582 1283 719 1351 grandine
736 1283 822 1336 nimbi

155 1358 347 1427 Praecipitant,
366 1360 453 1413 omnis
471 1360 574 1428 eampis
592 1360 703 1428 diffugit
721 1363 820 1426 arator,

153 1435 248 1489 Omnis
267 1441 295 1490 et
313 1436 438 1504 agricola,
457 1440 485 1490 et
503 1440 565 1489 tuta
583 1437 652 1490 latet
669 1453 733 1489 arce
751 1436 847 1504 viator,
970 1453 1006 1492 sor

155 1512 211 1566 Aut
230 1513 316 1566 amnis
334 1513 407 1581 ripis,
427 1517 475 1566 aut
493 1513 542 1566 alti
559 1513 663 1566 fornice
681 1513 746 1581 saxi,

153 1588 224 1642 Dum
242 1590 313 1658 pluit
331 1590 359 1642 in
377 1590 467 1656 terris,
486 1593 518 1642 nt
536 1591 640 1658 possint
659 1589 715 1642 solc
734 1589 849 1644 reducto

153 1665 287 1720 Exercere
305 1667 391 1719 diem:
415 1667 453 1719 sic
472 1665 585 1720 obrutus
603 1667 725 1734 undique
744 1666 806 1720 telis

152 1745 261 1796 Aeneas
279 1743 379 1795 nubem
398 1741 470 1810 belli,
489 1743 555 1796 dum
574 1743 689 1796 detonet
707 1743 801 1809 omnis,

152 1818 280 1882 Sustinet,
299 1823 327 1871 et
347 1819 465 1871 Lausum
483 1819 631 1885 increpitat
650 1818 793 1885 Lausoque
811 1819 943 1875 minatur:
968 1835 1005 1874 sla

152 1894 211 1956 Quo
230 1895 363 1946 moriture
381 1893 446 1958 ruis,
463 1893 620 1960 maioraque
639 1893 742 1946 viribus
760 1894 865 1947 audesl

152 1969 234 2022 Fallit
252 1973 281 2021 te
298 1969 438 2020 incautum
456 1967 544 2034 pietas
561 1972 616 2020 tua.
653 1967 677 2020 N
681 1984 711 2020 ec
729 1969 818 2021 minus
835 1969 882 2022 ills

152 2045 280 2097 Exsultat
298 2044 426 2106 demens;
455 2059 552 2096 saevae
570 2043 680 2110 iamque
698 2043 781 2097 altius
798 2044 855 2096 irae

153 2119 290 2172 Dardanio
310 2122 425 2185 surgunt
444 2118 560 2185 ductori,
579 2121 758 2187 extremaque
776 2119 865 2172 Lauso

153 2196 254 2250 Parcae
271 2196 318 2248 fila
335 2195 442 2262 legunt:
462 2194 582 2247 validum
601 2211 720 2262 namque
738 2195 824 2263 exigit
842 2212 935 2249 ensem
968 2213 1005 2252 s1s

153 2272 206 2325 Per
223 2272 345 2325 medinm
368 2275 474 2324 Aeneas
492 2270 625 2336 iuvenem,
644 2273 789 2339 totamque
807 2270 940 2325 recondit.

151 2349 270 2402 Transiit
289 2355 317 2401 et
335 2365 458 2416 parmam
477 2363 578 2413 mucre,
597 2347 668 2400 levia
685 2363 761 2400 arma
778 2348 898 2416 minaeis,

154 2425 186 2478 llt
204 2426 331 2491 tunicam,
351 2425 424 2477 molli
442 2428 531 2477 mater
549 2441 631 2492 quam
649 2428 762 2478 neverat
779 2441 852 2491 auro,

152 2503 323 2569 inplevitque
341 2501 429 2554 sinum
448 2500 572 2568 sanguim
590 2503 649 2553 turn
668 2501 724 2554 vita
732 2493 792 2569 per
809 2517 889 2554 auras

151 2577 290 2630 t'oncessit
308 2581 413 2630 maesta
431 2577 467 2630 ad
485 2577 582 2644 Manis,
601 2593 754 2646 corpusque
772 2577 890 2643 reliquit.
968 2591 1004 2630 aa)

153 2658 191 2707 At
208 2671 272 2706 vero
290 2657 322 2708 ut
340 2653 443 2706 voltum
462 2652 532 2706 vidit
549 2653 691 2714 morientis
709 2657 738 2706 et
756 2669 811 2718 ora,

150 2729 205 2782 Ora
222 2729 311 2782 modis
333 2729 512 2782 Anchisiades
530 2729 659 2798 pallentia
677 2729 762 2803 miris,

151 2806 290 2874 Ingemuit
308 2806 440 2858 miserans
457 2805 586 2871 graviter,
605 2805 787 2873 dextramque
805 2803 932 2870 tetendit,

150 2882 185 2934 Et
203 2887 322 2936 mentem
341 2881 448 2950 patriae
467 2881 551 2934 subiit
569 2881 681 2949 pietatis
699 2881 797 2948 imago.

149 2957 221 3022 Quid
240 2957 292 3011 tibi
310 2974 389 3023 nune,
408 2957 563 3010 miserande
582 2973 658 3024 puer,
670 2973 720 3024 pro
738 2955 865 3009 laudibus
883 2955 952 3018 istis,
965 2969 1002 3010 ato

149 3035 220 3099 Quid
238 3035 300 3104 pius
320 3035 427 3091 Aeneas
444 3036 522 3087 tanta
540 3032 619 3087 dabit
636 3032 728 3086 indole
745 3032 877 3100 dignuml

151 3115 242 3180 Arma,
261 3111 360 3180 quibus
379 3110 505 3177 lactatus,
517 3109 589 3163 habe
608 3113 670 3176 tua;
688 3113 773 3179 teque
790 3112 935 3177 pareutum

147 3188 274 3242 Manibus
292 3191 321 3242 et
333 3187 425 3256 cineri,
443 3186 466 3240 si
485 3203 540 3256 qua
557 3189 601 3240 est
618 3203 651 3240 ea
668 3203 740 3255 cura,
758 3186 878 3242 remitte.
