2242 3550
109 151 139 198 42
347 151 376 199 P.
394 150 550 199 VERGILI
567 149 736 199 MARONIS

108 228 234 297 Victima,
252 246 333 298 saepe
351 233 399 282 tuo
418 230 521 299 periusi
542 231 651 284 flumine
670 247 754 300 sacro,

108 307 243 359 Romanos
261 307 297 359 ad
315 306 419 374 templa
436 306 518 359 deum
537 307 640 360 duxere
658 308 818 376 triumphos.

108 383 161 436 Hic
178 400 227 436 ver
244 383 389 436 adsiduum
408 387 493 452 atque
511 384 605 436 alienis
623 383 761 437 mensibus
779 389 888 452 aestas;

107 459 156 512 Bis
172 460 302 529 gravidae
319 460 447 529 pecudes,
464 459 506 512 bis
523 461 609 528 pomis
627 460 703 513 utilis
719 461 807 516 arbos
929 477 965 517 leo

107 538 148 590 At
165 537 278 592 rabidae
296 538 381 604 tigres
399 536 499 590 absunt
517 540 546 590 ct
565 553 645 589 saera
662 536 771 590 leonum

107 613 222 682 Semina,
241 631 291 668 nec
309 614 422 667 miseros
440 612 537 665 fallunt
555 613 662 666 aconita
679 612 804 682 legentis,

106 685 132 743 N
134 707 164 744 ec
181 692 254 760 rapit
270 691 406 744 inmensos
424 687 496 741 orbis
515 704 564 756 per
581 689 700 756 humum,
718 705 808 758 neque
825 695 904 746 unte

106 766 257 836 Squameus
274 766 303 820 in
321 766 421 834 spiram
439 768 531 818 tractu
548 781 578 818 se
596 765 699 832 colligit
717 766 820 834 anguis.

107 843 190 897 Adde
207 847 251 899 tot
269 843 393 912 egregias
411 841 494 894 urbes
512 859 680 911 operumque
698 841 827 911 laborem,
928 858 963 899 les

106 919 158 974 Tot
175 923 305 990 congesta
324 937 404 972 manu
423 919 577 988 praeruptis
596 918 695 988 oppida
714 920 794 987 saxis,

106 995 285 1066 Fluminaque
303 997 428 1065 antiques
447 993 663 1048 subterlabentia
680 1013 778 1051 muros.

105 1075 151 1126 An
163 1091 245 1143 mare,
258 1074 333 1144 quod
345 1089 433 1142 supra,
446 1085 603 1139 memorem,
617 1072 745 1141 quodque
758 1072 845 1126 adluit
857 1073 948 1128 iniret

105 1150 187 1204 Anne
203 1151 279 1204 lacus
296 1155 394 1216 tantos,
414 1153 449 1215 te,
470 1149 532 1201 Lari
551 1165 685 1215 ruaxume,
705 1153 794 1216 teque,

105 1225 247 1282 Fluctibus
265 1231 295 1281 et
311 1227 423 1279 fremitu
441 1225 594 1292 adsurgens
614 1224 721 1278 Benace
739 1226 861 1279 marinol
926 1241 963 1281 ιω

105 1303 150 1356 An
168 1321 316 1357 memorem
334 1306 431 1372 portus
450 1301 621 1368 Lucrinoque
640 1300 736 1354 addita
753 1301 871 1356 claustra

104 1381 199 1448 Atque
216 1379 387 1447 indignatum
406 1378 511 1445 magnis
533 1377 695 1430 stridoribus
712 1393 822 1446 aequor,

104 1454 173 1508 Iulia
191 1472 245 1524 qua
262 1459 346 1524 ponto
364 1455 445 1522 longe
463 1457 542 1507 sonat
559 1453 633 1506 unda
651 1453 742 1506 refuso

103 1530 312 1600 Tyrrhenusque
330 1531 409 1584 iretis
426 1530 575 1585 inmittitur
594 1534 686 1584 aestus
706 1531 845 1586 Avernisl

103 1606 180 1661 Haec
198 1607 295 1662 eadem
314 1608 421 1676 argenti
440 1607 513 1660 rivos
531 1608 656 1676 aerisque
674 1607 785 1661 metalla
925 1628 961 1665 ree

103 1682 233 1738 Ostendit
251 1685 333 1752 venis,
353 1688 436 1753 atque
455 1701 520 1737 auro
539 1683 656 1751 plurima
673 1683 759 1737 fluxit.

106 1760 180 1814 llaec
197 1779 283 1829 genus
302 1778 363 1815 acre
382 1761 478 1826 virum,
499 1761 612 1827 Marsos,
633 1760 789 1829 pubemque
807 1761 951 1830 Sabellam,

105 1838 313 1906 Adsuetumque
331 1838 402 1890 malo
422 1837 558 1905 Ligurem,
579 1835 746 1906 Volscosque
764 1842 873 1892 verutos

104 1913 216 1980 Extulit,
234 1913 301 1968 haec
319 1913 423 1980 Decios,
443 1913 552 1980 Marios,
570 1930 736 1982 magnosque
755 1913 890 1983 Camillos,

103 1989 242 2058 Scipiades
260 1990 343 2044 duros
360 1990 440 2058 bello,
458 1994 487 2044 et
506 1994 541 2058 te,
560 2007 686 2043 maxume
704 1990 812 2058 Caesar,
924 2004 961 2046 170

103 2067 155 2130 Qui
172 2083 243 2120 nunc
260 2067 391 2120 extremis
409 2067 494 2120 Asiae
510 2067 564 2120 iam
582 2067 668 2119 victor
685 2067 712 2118 in
730 2067 785 2120 oris

105 2143 238 2196 Inbellem
256 2144 356 2197 avertis
376 2143 505 2196 Romanis
522 2143 629 2196 arcibus
647 2142 757 2197 Indum.

103 2219 190 2286 Salve,
209 2236 307 2288 nragna
324 2237 424 2289 parcns
443 2219 559 2287 frugum,
579 2219 705 2272 Saturnia
722 2219 811 2289 tellus,

103 2295 203 2364 Magna
221 2297 323 2362 virum;
340 2296 390 2350 tibi
408 2313 452 2350 res
471 2297 601 2364 aritiquee
620 2294 709 2348 laudis
727 2299 756 2350 et
773 2297 841 2351 artis

104 2371 254 2441 Ingredior,
273 2377 381 2426 sanctos
399 2389 481 2426 ausus
500 2373 642 2427 recludere
660 2373 750 2440 fontis,
920 2389 956 2430 1⁷⁶

103 2449 307 2518 Ascraeumque
326 2466 391 2502 cano
412 2449 534 2503 Romana
552 2468 602 2518 per
621 2450 720 2520 oppida
738 2467 852 2504 carmen

136 2526 216 2578 Nunc
233 2526 306 2578 locus
324 2543 450 2578 arvorum
469 2526 588 2593 ingeniis,
608 2544 678 2596 quae
696 2526 795 2580 robora
812 2527 918 2596 tuique,

102 2603 167 2666 Quis
184 2601 265 2670 color,
283 2605 312 2656 et
331 2619 400 2670 quae
419 2603 454 2655 sit
472 2602 556 2656 rebus
574 2608 672 2657 natura
690 2603 816 2658 ferendis.

102 2678 229 2732 Difficiles
246 2680 363 2747 primum
381 2683 472 2734 terrae
492 2681 628 2749 collesque
645 2679 762 2748 maligni,
835 2673 839 2682 '

101 2755 199 2810 Tenuis
216 2757 264 2810 ubi
281 2757 377 2826 argilla
394 2761 423 2810 et
442 2756 698 2812 dumosis'calculus
716 2756 795 2823 arvis,
920 2772 957 2813 ree

102 2833 223 2887 Palladia
240 2835 361 2902 gaudent
380 2835 445 2887 silva
462 2835 561 2888 vivacis
579 2835 673 2887 olivae.

102 2909 205 2964 Indicio
223 2915 267 2964 est
283 2915 374 2965 tractu
393 2927 506 2979 surgens
525 2912 642 2965 oleaster
660 2909 757 2963 eodem

102 2985 237 3040 Plurimus
254 2992 283 3042 et
301 2990 381 3042 strati
398 2989 473 3042 bacis
492 2987 661 3042 silvestribus
679 2985 744 3054 agri.

101 3063 141 3116 llt
159 3081 229 3132 quae
247 3065 354 3133 pinguis
372 3066 471 3119 humus
489 3065 615 3135 dulcique
633 3065 734 3131 uligine
751 3063 833 3130 laeta,

101 3136 208 3208 Quique
225 3141 356 3208 frequens
374 3141 464 3195 herbis
483 3143 512 3194 ot
530 3143 627 3196 fertilis
644 3141 729 3194 ubere
746 3155 890 3206 campus-2
921 3155 957 3196 1⁸⁵

101 3213 214 3279 Qualem
232 3233 313 3285 saepe
331 3222 514 3271 casamentis
532 3219 652 3272 convalle
671 3217 788 3270 solemus
