2234 3554
118 125 165 170 194
351 120 382 168 P.
401 118 553 166 VERGILI
572 117 736 166 MARONIS

118 202 191 264 Quos
210 199 295 253 dulcis
314 199 387 252 vitae
406 198 523 252 exsortia
541 201 571 252 et
588 198 624 252 ab
642 198 726 252 ubere
744 201 839 267 raptos

118 275 242 329 Abstulit
260 279 321 329 atra
339 274 398 328 dies
417 279 446 328 et
465 275 559 328 lurrere
577 276 673 328 mersit
691 274 794 328 acerbo.

118 352 178 406 Hos
196 354 274 406 iuxta
291 351 359 405 falso
377 353 500 406 damnati
519 351 631 405 crimine
650 353 752 406 mortis.
933 369 971 410 eo

118 429 143 482 N
146 446 177 483 cc
195 447 258 483 vcro
275 429 327 482 hae
346 430 403 482 sine
422 433 496 482 sorte
515 427 604 494 datae,
624 429 682 482 sinc
701 428 798 496 iudico,
816 431 910 486 sedes:

118 507 263 571 Quaesitor
282 507 372 560 Minos
390 523 486 559 urnam
506 510 612 569 movet;
631 506 677 559 ille
696 507 825 560 silentum

118 583 321 651 conciliumque
340 587 418 636 vocat
437 582 562 651 vitasque
580 586 609 635 et
628 582 740 636 erimina
759 583 848 638 discit.
868 613 872 620 ·

119 659 255 714 Proxuma
273 660 372 713 deinde
390 663 488 712 tenent
506 659 605 712 maesti
624 658 691 725 loca,
710 660 758 728 qui
777 659 829 712 sibi
847 660 933 716 letum

119 736 245 790 insontes
263 753 395 805 peperero
413 752 501 802 manu,
521 735 664 803 lucemque
683 737 773 805 perosi
933 750 971 790 aas

118 812 261 866 Proiecere
278 813 389 866 animas.
428 811 514 875 Quam
533 810 635 866 vellent
654 813 767 866 aethere
786 813 813 866 in
831 814 888 868 alto

117 889 197 942 Nunc
214 893 243 943 et
261 890 419 958 pauperiem
437 893 466 941 et
486 887 569 942 duros
587 890 709 958 perferre
727 889 849 944 labores!

118 966 171 1019 Fas
189 966 289 1032 obstat,
307 965 435 1034 tristique
454 965 532 1034 palus
550 965 703 1019 inamabilis
721 966 796 1020 unda

117 1041 230 1112 Alhgat,
250 1045 279 1096 et
296 1043 408 1096 noviens
426 1042 493 1110 Styx
512 1043 645 1096 interfusa
664 1046 779 1096 coerect.

117 1119 143 1172 N
145 1136 176 1173 ec
187 1120 282 1188 procul
294 1119 356 1172 hinc
368 1123 474 1188 partem
488 1119 540 1172 lusi
554 1123 741 1174 monstrantur
750 1119 778 1172 in
789 1133 898 1172 omnem
933 1130 971 1170 seo

118 1196 255 1264 Lugentes
274 1197 376 1266 campi;
394 1197 432 1249 sic
450 1196 510 1249 illos
529 1196 636 1250 nomine
656 1195 757 1249 dicunt.

119 1273 179 1338 Hic,
198 1291 265 1342 quos
283 1273 368 1326 durus
388 1290 464 1326 amor
482 1273 586 1326 crudeli
604 1272 670 1326 tabe
687 1271 804 1340 peredit,

118 1349 221 1403 Secreti
240 1349 329 1402 celant
347 1349 428 1402 calles
447 1352 476 1402 et
494 1354 600 1418 myrtea
618 1349 719 1401 circum

118 1425 191 1478 Silva
208 1425 294 1492 tegit;
312 1443 393 1480 curae
411 1443 464 1478 non
483 1426 589 1493 ipsein
608 1429 697 1479 morte
716 1423 880 1492 relinquunt.

119 1501 171 1554 His
200 1501 354 1554 Phaedram
385 1501 559 1570 Procrimque
590 1501 663 1567 locis,
691 1504 880 1566 maestamque
911 1499 969 1551 Eri-

220 1577 327 1646 phylen,
933 1589 969 1628 aaa

118 1655 244 1709 Crudelis
261 1654 319 1708 nati
337 1657 537 1708 monstrantem
556 1655 672 1723 volnera,
691 1655 786 1722 cernit,
923 1681 928 1689 ·

118 1731 305 1800 Euadnenque
323 1734 352 1784 et
371 1729 541 1798 Pasiphaen;
558 1730 601 1784 his
620 1730 769 1784 Laodamia

120 1808 147 1860 It
165 1825 262 1873 comes,
281 1810 310 1860 et
328 1807 432 1860 iuvenis
450 1806 595 1874 quondam,
614 1823 686 1860 nunc
705 1806 813 1872 lomina,
832 1807 963 1873 Coenam,

119 1883 223 1937 Rursus
241 1887 270 1936 et
288 1884 316 1936 in
335 1887 457 1936 voterem
475 1883 532 1936 fato
551 1883 676 1936 revoluta
694 1883 817 1950 liguram.
908 1925 910 1930 .

119 1960 196 2014 Inter
215 1977 283 2028 quas
302 1959 451 2012 Phoenissa
469 1976 563 2012 reeens
582 1977 599 2012 a
618 1959 728 2012 volnere
748 1958 819 2011 Dido
932 1971 969 2010 sao

119 2035 237 2091 Errabat
254 2036 322 2090 silva
340 2035 368 2088 in
387 2053 499 2103 magna;
519 2053 600 2104 quarn
620 2035 716 2088 Troius
733 2034 814 2087 heros

119 2113 159 2166 Ut
176 2113 294 2182 primum
312 2113 390 2166 iuxta
408 2113 486 2165 stetit
505 2112 688 2180 adgnovitque
705 2127 756 2179 per
774 2109 898 2162 umbram

119 2188 276 2256 Obscuram,
295 2189 403 2256 qualem
421 2189 508 2256 primo
528 2189 575 2256 qui
594 2205 707 2255 surgere
725 2203 818 2240 mense

120 2269 179 2320 Aut
196 2265 278 2332 videt,
297 2269 345 2318 aut
364 2265 463 2318 vidisse
482 2268 561 2333 putat
580 2282 630 2334 per
647 2263 741 2317 nubila
760 2263 872 2338 Lunam,

119 2343 236 2396 Demisit
253 2341 385 2405 lacrimas,
405 2340 532 2408 dulcique
551 2339 659 2394 adlatus
677 2355 769 2394 amore
787 2342 845 2392 est:
933 2351 970 2391 aas

120 2419 218 2472 Infelix
237 2417 316 2484 Dide,
335 2433 415 2468 verus
434 2415 498 2468 mihi
518 2417 630 2470 nuntius
648 2433 713 2484 ergo

121 2494 241 2548 Venerat
259 2491 429 2559 exstinetam,
447 2492 574 2558 ferroque
593 2496 716 2545 extrema
735 2492 875 2546 secutaml

126 2570 234 2623 lunaris
251 2569 305 2621 heu
323 2567 374 2620 tibi
392 2584 487 2620 caussa
505 2568 543 2620 iui
552 2570 560 2621 l
599 2569 652 2620 Per
671 2568 762 2622 sidera
779 2569 847 2635 iuro,

119 2647 173 2700 Per
191 2662 302 2715 superos
320 2649 349 2698 et
368 2645 389 2696 si
409 2662 463 2712 qua
482 2644 550 2698 fides
569 2645 668 2700 tellure
687 2645 738 2698 sub
757 2645 813 2698 ima
830 2646 881 2709 est,

120 2723 233 2790 Invitus,
251 2723 352 2792 regina,
370 2725 418 2774 tuo
438 2721 473 2774 de
491 2721 572 2774 litore
591 2722 666 2776 cessi.
933 2731 971 2771 ωε

119 2799 175 2854 Sed
192 2817 236 2852 me
253 2799 327 2852 iussa
345 2798 434 2866 deum,
454 2815 523 2865 quae
541 2814 613 2851 nunc
630 2798 680 2851 has
698 2798 738 2851 ire
756 2813 806 2864 per
823 2793 942 2862 umbras,

119 2876 174 2930 Per
191 2877 250 2930 loca
267 2879 344 2928 senta
363 2876 417 2928 situ
436 2877 536 2942 cogunt
555 2877 718 2942 noctemque
735 2870 908 2940 profundam,

119 2953 236 3021 Inperiis
255 2969 336 3019 cgere
355 2952 427 3015 suis;
445 2967 495 3003 nec
514 2949 627 3002 credere
646 2949 720 3016 quivi

120 3028 201 3081 Hunc
218 3031 327 3082 tantum
345 3027 395 3082 tibi
413 3043 457 3079 me
476 3026 598 3078 discessu
616 3025 689 3078 ferre
708 3025 837 3080 dolorem.

119 3102 191 3156 Siste
208 3103 332 3170 gradum,
351 3108 435 3170 teque
454 3104 567 3169 aspectu
584 3117 619 3152 nc
638 3100 769 3154 subtrahe
786 3105 885 3156 nostro.
934 3114 970 3154 ιω

119 3176 206 3240 Quem
217 3179 306 3244 lugisl
320 3182 472 3230 extremum
487 3177 552 3240 fato,
564 3175 639 3242 quod
655 3179 685 3230 te
702 3176 843 3244 adloquor,
855 3175 906 3229 hoc
917 3180 969 3234 est.
