2232 3556
120 120 167 167 282
362 117 391 165 P.
405 118 557 166 VERGILI
574 117 704 165 MARON
708 117 740 164 IS

122 197 266 264 Fulgentis
283 196 371 265 clipei,
391 200 450 250 tum
469 196 578 264 laevum
593 197 715 265 perforat
732 197 831 264 inguen
840 217 848 262 ;

121 273 257 331 Excussus
275 289 357 326 curru
376 272 555 326 moribundus
573 273 691 326 volvitur
708 273 788 326 arvis.
938 286 977 326 eea

122 349 209 414 Quem
226 349 288 417 pius
308 351 418 402 Aeneas
436 348 518 402 dictis
536 349 646 402 adfatur
663 350 776 402 amaris:

121 425 237 494 Lucage,
257 425 332 478 nulla
351 429 412 478 tuos
430 441 526 478 currus
544 425 609 492 iuge
627 426 717 493 segnis
736 442 867 494 equorum

122 502 254 569 Prodidit,
272 505 321 555 aut
338 517 423 554 vanae
441 509 551 554 vertere
569 518 603 554 ex
621 500 746 554 hostibus
764 501 894 566 umbrue;

122 579 185 647 Ipse
203 579 272 632 rotis
290 579 390 632 saliens
407 578 472 645 iuga
490 577 603 631 deseris.
640 577 717 630 Haec
735 577 776 630 ite
792 577 867 631 fatus

123 656 247 724 Arripuit
265 655 387 724 biiugos;
410 655 497 708 frater
515 653 648 708 tendebat
666 655 780 708 inermis
935 670 973 709 ees

124 731 220 785 infelix
239 733 352 800 palmas,
371 748 453 786 curru
471 730 599 799 delapsus
617 730 726 784 codem:

123 807 174 860 Per
192 812 228 872 te,
247 825 297 876 per
315 808 362 876 qui
380 811 410 860 te
427 807 512 860 talem
530 824 651 875 genuere
668 810 807 874 parentes,

123 883 172 936 Vir
190 884 312 952 Troiane,
330 884 389 936 sine
407 883 478 937 hane
495 885 619 949 unimam,
633 887 662 936 et
678 884 809 936 miserere
824 883 971 952 precantis

122 960 250 1014 Pluribus
267 961 356 1014 oranti
375 961 497 1014 Aeneas:
524 961 608 1013 Hand
625 959 692 1013 talia
710 959 815 1012 dudum
910 956 913 962 ’

121 1036 201 1091 Dicta
213 1036 304 1090 dabas.
340 1037 459 1104 Morere,
472 1041 500 1090 et
512 1037 626 1090 fratrem
638 1054 674 1090 ne
686 1036 784 1090 desere
795 1037 890 1090 frater.
934 1051 973 1089 ene

121 1113 196 1180 Tum,
214 1112 334 1167 latebras
352 1113 465 1180 animae,
484 1117 581 1181 pectus
598 1129 728 1166 mucrone
746 1112 870 1166 recludit

120 1189 196 1242 Talia
212 1207 263 1258 per
280 1206 390 1258 campos
408 1189 509 1242 edebat
526 1189 623 1242 funera
641 1189 739 1242 ductor

122 1265 284 1332 Dardanius,
302 1267 433 1319 torrentis
451 1281 538 1334 aquae
556 1265 599 1318 vel
617 1265 736 1318 turbinis
754 1266 808 1320 atri

121 1341 198 1402 More
215 1342 315 1396 furens
351 1341 473 1395 Tandem
492 1345 638 1410 erumpunt
657 1346 686 1396 et
703 1348 795 1395 eastra
810 1342 973 1410 relinquunt

121 1419 255 1472 Ascanius
272 1435 342 1487 puer
359 1424 388 1472 et
406 1418 572 1487 nequiquam
591 1417 702 1472 obsessa
720 1419 853 1472 iuventus.
933 1435 974 1472 eos

156 1494 287 1547 Iunonem
305 1496 411 1548 interea
428 1495 572 1562 compellat
592 1495 718 1563 Iuppiter
736 1495 822 1548 ultro:
867 1542 871 1548 .

121 1569 144 1623 0
162 1586 292 1638 germana
310 1570 376 1622 mihi
394 1573 479 1637 atque
497 1569 593 1623 eedem
611 1571 768 1638 gratissima
785 1571 911 1639 coniunx,

121 1647 167 1706 Ut¹
177 1645 282 1712 rebare,
302 1645 482 1699 Venus-nee
499 1649 528 1700 te
547 1648 684 1700 sententis
700 1647 802 1701 fallit·-

120 1722 249 1775 Troianas
267 1725 404 1775 sustentet
422 1738 496 1790 opes,
514 1739 568 1776 non
586 1723 677 1776 vivida
693 1723 766 1777 bello

121 1799 227 1852 Dextra
244 1799 309 1852 viris
327 1799 488 1866 animusque
506 1799 583 1851 ferox
601 1799 763 1868 patiensque
781 1800 883 1869 pericli.
933 1817 973 1855 oro

120 1876 171 1930 Oui
191 1876 260 1932 Iuno
279 1874 427 1928 submissa:
454 1874 533 1939 Quid,
552 1891 568 1927 o
585 1875 766 1943 pulcherrime
784 1877 907 1943 coniunx,

120 1952 255 2006 Sollicitas
272 1969 383 2019 aegram
402 1955 431 2005 et
448 1954 497 2004 tua
514 1951 605 2004 tristia
623 1951 697 2005 dicta
715 1952 877 2008 timenteml

121 2029 148 2082 Si
167 2028 240 2095 mihi,
260 2045 330 2096 quae
344 2028 482 2096 quondam
497 2026 595 2092 suerat,
613 2042 752 2096 quamque
769 2045 829 2082 esse
846 2029 970 2096 decebat,

122 2105 171 2158 Vis
189 2105 216 2158 in
235 2120 327 2158 aurore
345 2105 425 2171 foret,
443 2119 497 2156 non
515 2102 566 2155 hoc
584 2102 650 2155 mihi
668 2120 787 2172 nemque
804 2121 927 2173 negares,

121 2181 306 2250 Omnipotens,
326 2180 391 2248 quin
410 2183 439 2233 et
456 2195 565 2248 pugnae
584 2177 737 2232 subducere
756 2181 884 2248 Turnum,
933 2196 971 2235 eis

123 2259 157 2312 m
175 2257 271 2310 Dauno
289 2273 397 2325 possem
415 2255 576 2309 incolumem
595 2272 704 2309 servare
721 2257 835 2326 parenti.

121 2335 145 2387 N
148 2352 199 2388 unc
217 2336 321 2402 pereat,
342 2331 507 2399 Teucrisque
525 2332 570 2400 pio
590 2331 638 2385 det
657 2333 787 2402 sanguine
804 2348 916 2400 poenas.

122 2411 172 2464 llle
190 2415 282 2463 tamen
300 2411 396 2460 nostra
414 2406 527 2460 deducit
545 2408 649 2476 origine
668 2426 773 2475 nomen,
798 2455 800 2460 .

121 2487 316 2552 Pilumnusque
334 2483 374 2535 illi
393 2487 508 2551 quartus
526 2487 620 2551 pater;
644 2489 673 2538 et
690 2489 739 2538 tua
756 2486 831 2554 larga

120 2564 207 2632 Saepe
224 2577 307 2614 manu
325 2559 473 2628 multisque
493 2560 615 2614 oneravit
633 2561 727 2614 limina
744 2561 828 2614 donis.
934 2576 973 2613 ean

120 2639 170 2693 Oui
188 2655 238 2691 rex
256 2635 370 2690 aetherii
389 2635 511 2690 breviter
530 2636 568 2688 sic
585 2636 658 2690 fetus
678 2637 798 2706 Olympi:

121 2716 149 2769 Si
167 2732 243 2768 mora
261 2713 412 2782 praesentis
430 2712 477 2765 leti
496 2717 659 2781 tempusque
677 2713 777 2767 caduco

121 2790 222 2844 Oretur
240 2790 337 2856 iuveni,
356 2785 455 2856 meque
474 2789 523 2840 hoc
541 2789 580 2840 ita
598 2806 700 2856 ponere
719 2789 810 2856 sentis,

121 2866 194 2919 Tolle
212 2867 277 2933 fuge
295 2865 415 2918 Turnum
434 2869 517 2932 atquc
535 2864 701 2918 instantibus
718 2867 793 2934 eripe
811 2864 882 2917 fatis

122 2941 261 2995 Hactenus
280 2940 425 2992 indulsisse
443 2942 527 2992 vacet.
566 2939 613 2991 Sin
632 2940 712 2993 altior
730 2941 791 2993 istis
934 2951 972 2991 nee

121 3017 177 3070 Sub
194 3015 321 3084 precibus
338 3016 417 3068 venia
434 3016 489 3067 ulla
507 3014 583 3080 latet,
602 3019 746 3084 totumque
763 3015 866 3068 moveri

121 3091 258 3144 Mutarive
276 3094 357 3158 putas
376 3090 486 3155 bellum,
506 3105 567 3156 spes
585 3092 673 3157 pascis
691 3092 784 3145 inanis
876 3097 878 3102 ’

125 3166 157 3217 lit
177 3165 245 3217 Iuno
263 3163 456 3218 edlacrimans:
483 3161 563 3227 Quid,
582 3165 612 3228 si,
631 3183 700 3233 quae
719 3184 784 3220 voce
802 3165 934 3235 gravaris,
