2242 3550
388 132 576 181 BUCOLICA.
608 131 680 178 EOL.
700 129 749 178 lX.
959 131 989 176 19

141 218 201 272 Has
219 215 284 268 olim
303 213 414 268 exuvias
433 212 499 266 mihi
517 211 639 282 perfidus
657 211 703 264 ille
721 211 841 280 reliquit,

139 294 258 361 Pignora
276 306 339 344 cara
357 290 415 354 sui3
434 306 505 358 quae
522 305 594 342 nunc
612 305 663 356 ego
680 288 773 341 limine
791 289 818 341 in
836 287 902 356 ipso,

138 371 230 435 Terra,
249 367 300 422 tibi
319 367 438 432 mando;
457 365 560 419 debent
578 365 645 418 haec
662 366 777 433 pignora
795 365 938 431 Daphnim.

138 448 239 500 Ducite
251 445 287 498 ab
299 443 367 496 urbo
381 443 499 508 domum,
513 459 575 494 mea
586 443 713 508 crumina,
726 441 818 494 ducito
830 441 974 510 Daphnim.

139 521 315 577 Has-herbas
333 523 417 588 atque
435 519 502 572 haec
522 519 609 571 Ponto
627 518 692 570 mihi
711 518 783 572 lecta
800 536 902 572 venena
968 535 992 573 oo

139 600 204 668 Ipse
222 597 301 652 dedit
320 597 439 661 Moeris;
457 598 605 648 nascuntur
623 594 740 662 plurima
760 596 854 649 Ponto.

140 678 192 730 His
211 692 261 744 ego
280 690 361 741 saepe
380 673 475 740 lupum
494 671 554 724 fieri
572 675 648 725 etse
667 671 784 726 condere
803 672 876 725 silvis

139 754 263 820 Moerim,
283 768 364 819 saepe
382 750 485 802 animas
503 749 565 801 imis
584 749 674 802 excire
694 749 854 816 sepulchris

139 831 234 898 Atque
253 833 326 882 satas
345 827 397 880 alio
415 826 472 879 vidi
490 825 635 880 traducere
653 826 756 879 messis.
968 841 992 879 oo

138 906 238 960 Ducite
251 905 286 958 ab
298 903 366 957 urbo
380 903 498 969 domum,
511 919 573 955 mea
585 903 710 968 carmina,
723 903 815 955 ducite
829 901 971 969 Daphnim.

140 983 195 1036 Fer
212 983 324 1048 cineres,
346 980 487 1048 Amarylli,
506 980 584 1047 foras,
604 979 717 1047 rivoque
736 979 831 1032 fluenti

139 1060 279 1127 Transqne
291 1061 374 1127 caput
386 1057 444 1110 iace
453 1078 459 1121 3
469 1073 519 1110 nec
530 1056 692 1124 respexeris,
730 1056 782 1108 His
795 1071 845 1122 ego
855 1055 990 1124 Daphnim

140 1135 314 1203 Adgrediar;
331 1134 399 1188 nihil
416 1133 462 1186 ille
481 1133 555 1198 deoc,
573 1133 609 1184 nil
628 1133 748 1186 carmina
765 1136 848 1185 curat.

140 1211 238 1266 Ducite
251 1211 286 1264 ab
297 1211 366 1264 urbe
379 1211 498 1274 domum,
510 1227 571 1263 mea
583 1209 708 1272 carmina,
722 1209 814 1262 ducite
827 1209 970 1278 Daphnim.

140 1289 250 1358 Aspice,
270 1289 402 1356 corripuit
420 1287 545 1341 tremulis
564 1287 660 1340 altaria
679 1286 793 1340 flammis
957 1307 992 1345 1oe

140 1365 243 1433 Sponte
262 1382 317 1429 sua,
337 1365 402 1418 dum
420 1365 493 1418 ferre
510 1382 609 1430 moror,
627 1365 694 1417 cinis
712 1364 778 1438 ipsc.
817 1366 923 1420 Bonum
941 1368 990 1422 sit!

141 1442 239 1496 Nescio
259 1441 326 1510 quid
344 1445 419 1495 certe
438 1445 486 1504 est
506 1446 534 1495 et
553 1442 643 1510 Hylax
663 1443 688 1494 in
708 1442 799 1496 limine
818 1443 909 1496 latrat.

142 1518 305 1572 Credimusl
324 1535 366 1584 an,
384 1519 431 1586 qui
449 1523 548 1582 aurant,
566 1519 618 1587 ipsi
637 1519 688 1572 sibi
708 1520 811 1573 somnia
830 1521 956 1588 finguntl

141 1594 258 1662 Parcite,
271 1593 306 1650 ab
318 1594 387 1648 urbe
399 1595 481 1662 vonit,
495 1596 556 1660 iam,
569 1596 695 1664 carmina,
708 1598 821 1665 parcite,
838 1597 969 1666 Daphnis.

416 1744 623 1824 'concon
650 1765 707 1823 rx.

496 1873 640 1922 MOERIS.

433 1975 554 2015 merens.
589 1977 700 2016 nonnis.

142 2049 175 2100 L.
196 2047 305 2113 Quoto,
319 2045 414 2109 Moeri,
428 2045 529 2113 pedes?
542 2063 583 2110 an,
596 2062 650 2113 quo
663 2047 707 2098 via
718 2047 803 2109 ducit,
817 2047 844 2099 in
858 2048 975 2103 urbemi

44 2131 49 2137 “
142 2124 184 2176 M.
204 2124 226 2175 0
247 2123 355 2190 Lycida,
373 2122 426 2174 vivi
445 2123 624 2190 pervenimus,
643 2122 748 2175 advena
765 2125 859 2191 nostri,

143 2199 222 2263 Quod
241 2215 389 2266 numquam
407 2198 487 2251 veriti
505 2215 605 2265 sumus,
623 2201 654 2252 ut
672 2215 811 2266 possessor
828 2201 907 2268 agelli

144 2277 269 2328 Diceret:
289 2275 365 2328 Haec
382 2291 444 2328 mea
462 2279 542 2340 sunt3
560 2285 666 2328 veteres
685 2276 800 2344 migrate
819 2277 913 2331 coloni.

143 2353 224 2406 Nunc
241 2353 312 2419 victi,
332 2351 433 2418 tristes,
453 2353 578 2420 quoniam
599 2353 666 2405 llors
685 2355 774 2407 omnia
792 2359 891 2422 versat,
982 2373 993 2409 ⁵

143 2429 204 2484 Hos
221 2428 367 2497 illi-quod
385 2445 434 2480 nec
453 2433 542 2482 vertat
561 2429 799 2484 beno-mittimus
811 2432 924 2495 ,lraodos

141 2505 176 2559 L.
195 2506 278 2559 Certo
298 2505 425 2573 equidem
444 2506 591 2570 audieram,
611 2525 713 2576 quase
732 2507 883 2562 subduccre
901 2509 982 2560 collos

143 2582 291 2652 Incipiunt,
311 2583 441 2651 mollique
459 2583 552 2650 iugum
572 2584 718 2638 demittere
737 2585 813 2650 clivo,

142 2659 239 2728 Usque
251 2659 287 2712 ad
300 2677 399 2728 aquam
412 2663 441 2713 et
453 2662 560 2726 veteris,
573 2661 626 2714 iam
639 2662 726 2715 fracta
737 2662 882 2728 cacumina,
894 2662 970 2728 fagos

144 2735 242 2789 Omnia
260 2736 425 2790 carminibus
443 2741 564 2791 restrum
583 2755 705 2792 servasse
724 2738 872 2792 Menalcan.
971 2751 995 2788 10

143 2812 185 2865 M.
206 2814 352 2881 Audieras,
372 2817 401 2867 et
419 2814 491 2868 fania
509 2815 579 2880 fuit;
597 2817 647 2870 sed
664 2817 785 2870 carmina
802 2819 907 2867 tontum

143 2889 247 2944 Nostra
265 2891 363 2958 valent,
383 2891 492 2959 Lycida,
510 2893 567 2946 tola
584 2894 657 2947 inter
676 2893 783 2957 Martia,
802 2894 932 2957 quantum

144 2965 279 3022 Chaonias
298 2967 392 3024 dicunt
410 2970 501 3037 aquila
518 2970 644 3024 veniente
663 2967 807 3020 columbas.

145 3041 294 3107 Quodnisi
312 3061 356 3098 me
374 3061 544 3112 quacumque
563 3061 645 3097 novas
663 3043 782 3096 incidere
801 3043 864 3095 lites

147 3122 222 3186 Ante
240 3121 350 3174 sinistra
368 3137 433 3173 cava
450 3121 601 3174 monuisset
618 3121 654 3174 ab
671 3121 732 3174 ilice
750 3120 850 3188 cornix,
972 3136 996 3174 1⁵

148 3194 205 3248 „icc
223 3198 287 3250 tuus
305 3196 350 3250 hic
368 3195 477 3262 Moeris,
497 3214 546 3250 nec
564 3197 668 3250 viveret
685 3198 743 3266 ipse
762 3197 907 3250 Menalcas

221 3273 238 3320 8
