2234 3554
120 139 165 185 216
349 132 377 183 P.
396 130 549 181 VERGILI
567 131 734 182 MARONIS

121 216 225 283 Evolat,
243 221 272 269 et
290 221 382 268 natam
400 214 535 267 frondosis
553 212 690 267 montibus
707 214 793 283 abdit,

122 292 181 356 Quo
199 292 349 346 thalamum
367 291 465 359 eripiat
483 289 595 343 Teucris
613 290 764 359 taedasque
782 295 914 361 moretur,

122 369 197 422 Euoc
216 368 329 434 Bacche,
348 366 474 434 fremens,
493 366 579 420 solum
598 370 628 420 te
648 368 753 435 virgine
772 368 884 435 dignum

123 443 293 498 Vociferans:
313 445 414 497 etenim
433 443 521 495 mellis
539 443 591 496 tibi
610 460 717 496 sumere
737 444 851 512 thyrsos,
939 459 978 498 eae

123 522 160 575 Te
178 521 296 574 lrrstrare
314 520 403 586 choro,
421 536 527 573 saonam
545 519 596 572 tibi
614 537 726 588 pascere
743 520 852 574 crinem.

124 599 208 652 Fama
225 597 305 664 volat,
324 596 458 665 furiisque
476 613 601 650 accensas
619 600 730 664 pectore
747 600 849 650 matres

125 675 203 728 Idem
222 674 309 726 omnis
328 673 406 726 simul
425 673 507 726 arder·
525 673 589 740 agit,
606 689 675 726 nova
693 689 825 740 quaerere
842 675 924 726 tecte

125 751 277 804 Deseruere
296 750 399 815 domes,
419 749 507 803 ventis
527 749 595 802 dent
613 749 681 804 colla
699 765 859 818 comasque;

126 830 179 880 Ast
196 826 265 879 aliae
283 825 407 878 tremulis
425 826 573 880 ululatibus
591 825 705 880 aethera
723 825 855 895 conplent,
942 841 979 879 aaa

128 903 342 972 l’ampincasque
360 906 459 970 gerunt
477 903 610 956 incinctae
628 901 744 970 pellibus
762 902 861 954 hastas.

126 979 190 1047 lpsa
207 979 279 1032 inter
296 978 399 1032 medias
417 979 578 1046 flagrantem
596 978 701 1032 fervida
718 978 812 1048 pinum

126 1055 256 1122 Sustinet,
275 1072 305 1108 ac
323 1059 403 1108 natae
422 1055 559 1123 Turnique
577 1055 650 1108 canit
668 1055 837 1123 hymenaeos,

100 1135 102 1141 '
126 1132 305 1200 Sanguineam
325 1135 455 1200 torquens
473 1133 567 1198 aciem,
586 1135 748 1200 torvumque
766 1133 882 1198 repente

126 1208 246 1262 Clamat:
266 1209 297 1261 Ie
315 1212 424 1274 matres
443 1207 545 1272 audita,
564 1207 610 1259 ubi
629 1223 761 1276 quaeque,
780 1206 908 1259 Latinae:
944 1219 982 1257 tec

126 1283 154 1338 Si
172 1301 226 1352 qua
244 1284 296 1352 piis
313 1284 410 1336 animis
428 1287 520 1338 uranet
538 1283 653 1336 infelicis
672 1286 790 1336 Amatae

126 1360 228 1426 Gratia,
248 1360 271 1412 si
288 1360 355 1413 iuris
375 1360 491 1413 materni
510 1377 575 1413 cura
593 1359 739 1428 remordet,

127 1435 229 1488 Solvite
247 1435 354 1490 crinalis
373 1435 464 1503 vittas,
483 1437 572 1504 capite
592 1436 667 1504 orgia
685 1453 797 1489 meeum.

127 1511 219 1564 Talem
237 1512 309 1564 inter
328 1511 414 1577 silves,
433 1512 506 1565 inter
524 1511 636 1566 deserta
653 1512 778 1574 ferarum,

128 1587 261 1655 Reginam
281 1587 391 1640 Allecto
409 1588 527 1641 stimulis
545 1590 604 1656 ugit
623 1588 744 1656 undique
763 1588 871 1642 Bacchi.
946 1602 984 1639 sco

164 1664 311 1732 Postquam
331 1664 387 1716 visa
406 1664 472 1717 satis
490 1665 593 1732 primos
613 1664 717 1718 ucmsse
734 1664 849 1731 furores,

128 1740 330 1807 Consiliumque
347 1756 508 1808 omnemque
527 1740 638 1794 domum
657 1741 771 1794 vertisse
790 1739 889 1808 Latini,

129 1817 256 1870 Protinus
274 1816 336 1869 binc
354 1816 437 1870 luscis
455 1817 543 1870 tristis
562 1817 614 1870 dea
632 1817 739 1870 tollitur
756 1816 807 1870 alis

129 1893 250 1947 Audacia
269 1893 364 1946 Rutuli
383 1893 419 1946 ad
437 1911 536 1961 muros,
555 1910 638 1962 quam
657 1891 756 1946 dicitur
773 1892 870 1946 urbem

130 1969 295 2024 Acrisioneis
314 1969 407 2023 Danae
425 1971 553 2024 fundasse
573 1970 683 2028 colonis,
949 1981 986 2020 ue

130 2046 275 2115 Praecipiti
293 2045 385 2099 delata
403 2047 484 2101 Noto.
522 2047 609 2100 Locus
631 2046 723 2100 Ardea
741 2046 878 2114 quendam

129 2123 224 2176 Dictus
242 2123 314 2187 uvis3
333 2127 361 2176 et
379 2141 450 2176 nunc
468 2140 596 2191 magnum
615 2127 692 2176 tenet
711 2121 806 2176 Ardea.
823 2137 937 2189 uemen;

130 2199 184 2253 Sed
204 2199 325 2252 Fortuna
343 2200 402 2252 fuit.
440 2201 529 2254 Tectis
547 2200 591 2253 hic
610 2200 716 2252 'l‘uruus
734 2199 761 2250 in
779 2199 842 2253 altis

132 2277 189 2329 Iam
208 2275 324 2330 mediam
343 2277 421 2342 nigra
439 2276 568 2344 carpebat
586 2279 665 2330 nocte
683 2275 812 2344 quietem.

132 2353 239 2405 Allecto
257 2355 361 2404 torvam
381 2351 476 2404 faeiem
494 2357 522 2405 et
540 2352 647 2406 timialia
663 2349 787 2404 membra
953 2368 987 2406 ue

132 2429 229 2491 linuit;
246 2427 274 2478 in
292 2427 382 2479 voltus
401 2445 460 2480 sese
480 2429 657 2482 transformat
675 2427 754 2480 anilis

133 2503 304 2557 bifrontem
323 2502 466 2556 obscenam
486 2505 561 2573 rugis
581 2508 657 2569 arat3
674 2504 764 2558 induit
782 2505 858 2558 albos

132 2581 200 2633 Cum
218 2579 287 2632 vitta
305 2579 400 2644 crinis3
419 2585 478 2634 tum
498 2598 604 2636 ramum
622 2581 738 2634 innectit
755 2581 855 2646 olivae;

134 2656 177 2708 Fit
196 2654 295 2723 Calybe
315 2656 426 2710 Iunonis
443 2675 511 2712 anus
530 2657 681 2727 templique
701 2657 842 2712 sacerdos:

133 2732 169 2784 Et
186 2731 275 2785 iuveni
293 2735 358 2785 ante
376 2734 467 2787 oculos
484 2735 526 2788 his
546 2751 575 2786 so
593 2752 653 2788 cum
672 2733 784 2788 vecibus
802 2733 895 2787 effert:
954 2749 979 2784 a.

133 2808 229 2874 Turne,
248 2811 290 2861 tot
308 2809 441 2863 incassum
460 2811 534 2863 fusos
552 2811 658 2878 patiere
677 2811 792 2880 labores,

134 2883 171 2937 Et
188 2887 237 2937 tua
256 2883 402 2938 Dardaniis
419 2885 564 2938 transcribi
584 2890 691 2954 sceptra
709 2887 826 2940 colonial

134 2958 195 3013 Rex
212 2959 264 3012 tibi
282 2961 435 3029 coniugium
453 2965 482 3014 et
500 2961 637 3029 quaesitas
656 2963 785 3029 sanguine
803 2962 884 3016 detes

136 3034 272 3102 Abnegat,
292 3039 475 3104 externusque
493 3037 521 3088 in
539 3052 653 3102 regnum
673 3038 814 3104 quaeritur
832 3037 920 3092 heres.

136 3109 149 3160 1
169 3125 244 3170 nunc,
262 3110 378 3178 ingratis
394 3111 461 3164 offer
480 3115 517 3177 te,
535 3110 625 3176 inrise,
643 3112 768 3179 periclis;
955 3130 992 3170 aet

135 3181 294 3255 Tyrrhenas,
311 3187 328 3254 i,
347 3190 439 3242 sterne
457 3186 542 3252 acies;
559 3188 623 3258 tege
641 3201 708 3260 pace
726 3187 846 3244 Latinos·
