2242 3550
377 171 579 219 GEORfflCON
600 171 669 220 LIB.
690 171 743 220 111.
778 234 781 242 μ
959 175 988 224 61

137 254 199 308 Non
218 271 295 307 secus
313 269 345 306 ac
362 251 459 321 patriis
477 269 540 306 acer
560 252 698 307 ltornanus
717 255 745 308 in
764 255 847 309 armis

137 332 245 384 Iniuste
264 329 315 382 suh
333 329 406 383 fasce
426 345 496 382 vrum
515 347 576 382 eum
595 331 691 400 carpit,
711 335 740 386 et
758 331 830 386 hosti

137 409 213 461 Ante
231 411 419 476 exspectatum
439 407 535 474 positis
554 411 610 460 stat
629 408 656 460 in
674 409 782 476 agmine
799 411 903 464 castris.

173 487 212 538 ht
229 501 291 550 non,
311 500 365 552 qua
383 483 508 550 Scythiae
526 487 624 551 gentes
643 485 817 554 Maeotiaque
836 486 916 554 unda,

136 560 273 614 Turbidus
292 563 323 612 et
341 563 472 627 torquens
491 559 617 614 flaventis
638 561 734 616 Hister
752 579 856 631 arenas,
954 579 990 618 sse

137 639 251 706 Quaque
269 636 344 690 redit
363 637 482 690 medium
504 637 636 707 Rhodope
654 644 781 708 porrecta
798 640 849 694 sub
867 657 954 696 axem.

138 715 198 768 illie
216 714 308 767 clause
325 717 421 767 tenent
440 714 555 768 stabulis
573 721 703 782 armenta,
722 735 772 774 nec
789 718 860 772 ullae

138 793 196 844 hut
214 791 316 844 herbae
334 807 428 859 campo
447 791 581 860 adparent
598 797 647 848 aut
664 794 762 849 arbore
779 795 898 864 frondes,

137 868 192 922 Sed
209 868 280 921 iacet
298 867 445 936 aggeribus
463 869 549 922 niveis
568 870 691 924 informis
709 875 739 926 ct
756 872 812 927 alto

136 945 220 997 Terra
238 945 301 1012 gelu
319 944 383 1011 late,
402 950 563 1015 septemque
582 947 707 1016 adsurgit
724 950 752 1002 in
769 950 855 1003 ulnas.
954 963 990 1002 sta

136 1021 251 1089 Semper
268 1021 381 1090 hiemps,
401 1039 510 1090 semper
528 1024 663 1091 spirantes
681 1025 782 1093 frigora
799 1025 882 1079 cauri.

136 1098 205 1151 Tum
224 1098 263 1151 sol
281 1099 408 1166 pallentis
425 1099 498 1152 haud
517 1117 646 1168 umquam
665 1101 779 1155 discutit
795 1101 913 1168 umbras,

137 1173 195 1228 Nec
213 1192 274 1228 cum
292 1177 415 1230 invectus
434 1177 512 1244 equis
530 1177 616 1229 altum
634 1179 704 1246 petit
723 1178 841 1246 aethera,
860 1195 910 1231 nec
927 1194 988 1231 cum

138 1251 319 1320 Praecipitem
338 1253 438 1306 Oceani
457 1254 540 1306 rubro
558 1253 625 1306 lavit
643 1271 761 1322 aequore
779 1271 895 1308 currum.

136 1328 320 1383 Concrescunt
338 1331 446 1384 subitae
464 1333 585 1384 currenti
605 1332 632 1385 iu
652 1332 762 1386 flumine
780 1337 895 1400 crustae,
954 1347 991 1388 sto

136 1405 273 1473 Unduque
290 1406 344 1459 iam
362 1411 441 1474 tergo
459 1409 577 1461 ferratos
596 1411 714 1463 sustinet
733 1410 815 1478 orbis,

136 1481 278 1551 Puppibus
296 1483 343 1536 illa
359 1483 442 1552 prius,
460 1485 561 1552 patulis
579 1503 650 1540 nunc
668 1487 776 1556 hospita
793 1488 938 1557 plaustris3

137 1560 266 1628 Aeraque
283 1559 421 1614 dissiliunt
439 1561 524 1628 volgo,
543 1566 689 1632 vestesque
708 1566 847 1632 rigescunt

136 1635 264 1703 indutae,
283 1636 457 1704 caeduntque
475 1638 613 1692 securibus
632 1641 745 1694 humida
763 1643 832 1708 vina,

136 1713 172 1766 ut
190 1717 267 1767 totae
285 1713 399 1767 solidam
418 1714 444 1766 in
463 1715 577 1781 glaciem
597 1721 707 1771 vertere
726 1718 838 1772 lacunae
954 1731 991 1771 aet

135 1785 273 1860 Stiriaque
289 1791 396 1858 inpexis
413 1791 535 1844 induruit
554 1793 665 1847 horrida
683 1793 781 1848 barbis.

137 1867 249 1922 interea
266 1871 326 1922 toto
343 1884 396 1920 non
416 1869 501 1921 setius
520 1886 583 1923 aere
602 1871 722 1938 ninguit:

136 1945 283 1999 Intereunt
300 1946 426 2015 pecudes,
446 1950 521 1999 stant
540 1948 702 2002 circumfusa
721 1949 825 2017 pruinis

136 2023 255 2092 Comere
273 2040 371 2090 magna
387 2023 477 2090 boum,
495 2025 671 2093 confertoque
689 2026 795 2093 agmine
812 2025 886 2079 cervi

135 2100 255 2168 Torpent
267 2101 338 2153 arole
350 2117 419 2153 nova
431 2104 460 2154 et
473 2101 586 2153 summis
599 2102 643 2154 vix
656 2102 782 2155 cornibus
790 2097 911 2155 exstant.
954 2115 992 2157 ³70

136 2177 197 2230 Hos
214 2194 268 2230 non
285 2177 403 2232 inmissis
422 2178 540 2244 canibus,
559 2195 612 2231 non
630 2179 751 2233 cassibus
769 2179 831 2233 ullis

137 2254 304 2307 Puniceaeve
322 2255 428 2322 agitant
446 2255 558 2324 pavidos
576 2256 721 2309 formidine
739 2273 850 2325 pennae,

136 2329 191 2384 Sed
208 2331 312 2385 frustra
329 2333 483 2401 oppositum
503 2333 643 2386 trudentis
662 2339 774 2404 pectore
793 2339 913 2387 montem

136 2407 293 2483 Comminus
311 2408 476 2463 obtruncant
493 2411 573 2481 ferro,
592 2413 769 2481 graviterque
787 2410 913 2465 rudentis

136 2485 270 2555 Caedunt,
287 2492 316 2541 et
334 2505 432 2556 magno
450 2489 515 2542 laeti
535 2489 652 2542 clamore
671 2493 821 2559 reportant.
957 2500 993 2541 sta

138 2562 196 2632 Ipsi
213 2565 242 2616 in
260 2564 375 2618 defossis
394 2567 528 2634 specubus
548 2585 643 2620 secura
662 2567 712 2620 suh
731 2567 787 2620 alta

137 2641 201 2694 Otia
219 2647 303 2709 agunt
321 2647 404 2710 terra,
423 2651 609 2714 congestaque
629 2645 729 2698 robora
748 2647 875 2712 totasque

140 2719 293 2773 Advolvcre
310 2721 377 2774 focis
395 2723 481 2775 ulmos
502 2724 613 2792 ignique
632 2722 742 2776 dedere.

141 2795 192 2848 ilic
210 2801 316 2851 noctem
336 2799 400 2852 ludo
419 2802 531 2869 ducunt,
550 2807 579 2855 et
600 2799 698 2872 pocula
716 2798 781 2852 laeti

140 2871 285 2927 Fermento
304 2881 387 2946 atque
406 2880 491 2933 acidis
509 2880 653 2934 imitantur
671 2876 743 2928 vitea
761 2871 857 2926 sorbis.
958 2883 995 2923 aso

138 2949 210 3003 Talis
231 2951 410 3022 Hyperboreo
430 2958 541 3025 Septem
562 2956 685 3010 subiecta
703 2950 785 3005 trioni

139 3027 213 3080 Gens
231 3028 333 3084 effrena
351 3031 438 3085 virum
459 3034 581 3103 Rhipaeo
599 3032 727 3086 tunditur
746 3029 826 3092 Euro,

140 3102 175 3156 Et
193 3106 328 3173 pecudum
348 3109 428 3162 fulvis
447 3111 554 3163 velatur
572 3127 685 3178 corpora
705 3105 794 3160 saetis.

174 3181 202 3235 Si
221 3182 273 3235 tibi
291 3184 415 3238 lanitium
435 3203 523 3246 curae,
543 3187 659 3254 primum
679 3201 776 3253 aspera
794 3181 869 3245 silva,

143 3256 307 3329 Lappaeque
325 3259 480 3328 tribolique,
499 3261 604 3322 sbsint;
621 3259 685 3327 inge
703 3257 804 3333 pabula
820 3257 908 3317 laete3
961 3263 996 3300 ³85
