2232 3556
397 146 582 194 AENEIDOS
597 147 669 216 nra.
687 148 738 198 xi.
944 153 989 200 sn

135 229 269 284 Succedat
287 243 396 296 pugnae
415 226 600 294 Troianosque
618 231 710 282 arceat
727 227 803 282 urbe.

136 306 250 373 Iamque
268 304 336 357 vale.
373 302 458 355 Sinnd
476 301 518 354 his
537 302 619 356 dictis
637 302 778 372 linquebat
795 304 924 374 habenas,

137 381 183 434 Ad
201 385 304 434 terram
323 395 376 431 non
395 382 492 446 sponte
510 379 603 432 fluens.
641 379 709 432 Tum
728 379 829 447 frigida
846 384 908 436 toto

138 457 271 510 Paulatim
291 455 407 508 exsoluit
427 472 455 508 se
474 471 595 523 corpore,
614 454 744 523 lentaque
763 455 830 510 colla

138 534 172 587 tt
190 537 300 601 captum
319 532 375 584 leto
392 532 483 599 posuit
502 535 591 599 caput,
611 547 687 584 arma
705 531 869 599 relinquens,
953 547 991 586 seo

139 609 257 676 Vitaque
275 625 335 660 cunr
353 609 458 674 gemitu
476 608 547 674 fugit
565 607 707 674 indignata
725 607 777 660 suh
794 608 912 662 umbras.

99 743 101 746 ,
138 687 204 740 Tum
217 701 281 738 vcro
299 685 437 736 inmensus
456 700 569 750 surgens
586 683 652 736 ferit
670 700 752 736 aurea
770 684 872 737 clamor

138 762 248 826 Sidera3
267 761 374 813 deiecta
392 759 527 812 crudescit
545 777 636 827 pugna
655 759 785 825 Garrrilla余

141 839 286 891 Incurrunt
305 836 384 888 densi
402 835 482 889 simul
501 836 588 888 omnis
607 836 684 904 copia
703 836 836 890 Teucrum

139 914 324 982 'tyrrhenique
343 912 427 965 duces
447 912 623 980 Euandrique
642 912 766 966 Arcades
785 913 851 967 alae.
957 928 995 966 sas

173 992 213 1044 At
231 990 340 1042 Triviae
357 991 449 1042 custos
466 987 626 1040 iamdudum
645 988 673 1040 in
691 989 830 1042 montibus
849 988 917 1058 Opis

138 1067 205 1119 Alta
223 1066 302 1118 sedet
320 1066 440 1132 summis,
460 1068 620 1132 spectatque
638 1065 765 1119 interrita
783 1082 897 1134 pugnas.

138 1141 231 1209 thue
249 1141 343 1209 procul
361 1140 452 1194 medio
470 1140 598 1194 iuvenum
616 1141 644 1194 in
663 1141 780 1195 clamore
798 1141 938 1196 furentum

140 1216 283 1285 Prospexit
301 1217 375 1270 tristi
393 1217 538 1270 multatam
556 1220 645 1269 morte
665 1216 815 1283 Camillam,

141 1292 332 1361 ingemuitque
351 1293 484 1360 deditque
502 1292 551 1346 hes
569 1293 623 1346 imo
641 1297 753 1362 pectore
772 1309 867 1346 voces:
957 1307 995 1346 sto

141 1371 204 1423 Heu
221 1371 341 1433 nimium,
360 1371 444 1437 virgo,
463 1370 576 1422 nimium
595 1370 705 1423 crudele
723 1370 798 1422 luisti

140 1447 313 1515 Supplicium,
333 1447 451 1500 Teucros
469 1449 566 1499 conata
584 1446 717 1500 lacessere
735 1447 825 1500 bollo!

141 1521 196 1576 Nec
214 1522 266 1576 tibi
285 1522 411 1576 desertae
429 1523 457 1575 in
475 1522 566 1579 dareris
585 1522 698 1576 coluisse
718 1523 834 1576 Dianam

140 1598 253 1667 Profuit,
272 1603 320 1653 aut
338 1604 445 1652 nostras
463 1599 579 1652 humero
596 1598 713 1666 gessisse
732 1598 854 1666 sagittas.

138 1675 199 1729 Non
218 1680 309 1730 tamen
328 1676 483 1729 indecorem
501 1679 550 1729 tua
567 1679 597 1728 to
614 1675 709 1742 regina
727 1675 840 1743 reliquit
958 1689 994 1726 sse

139 1750 271 1806 Extrema
288 1754 341 1805 iam
359 1753 388 1804 in
406 1755 510 1816 nrortc余
529 1768 618 1819 neque
636 1751 686 1804 hoc
705 1751 763 1804 sine
780 1749 889 1804 nomine
907 1749 993 1802 letum

140 1828 193 1880 Per
211 1829 301 1895 gentis
319 1828 380 1893 erit,
401 1831 449 1879 aut
467 1828 567 1879 famam
586 1827 700 1892 patieris
718 1827 829 1879 inultae.

141 1903 211 1955 Nam
229 1904 395 1970 quicumque
414 1906 493 1956 tuum
511 1901 623 1954 violavit
641 1901 750 1953 volnere
769 1919 872 1969 corpus,

141 1978 231 2030 Morte
250 1978 308 2030 luet
327 1978 431 2029 merita
471 1976 536 2028 Fata
554 1976 650 2042 ingens
668 1980 761 2028 monte
781 1977 831 2028 sub
849 1977 904 2029 alto

141 2053 225 2120 Regis
244 2053 380 2106 Dercenni
399 2056 509 2105 terreno
526 2067 561 2104 en
579 2068 678 2118 aggero
697 2051 807 2106 bustum
958 2068 995 2106 eso

143 2129 259 2197 Antiqui
276 2129 429 2194 Laurentis,
448 2143 588 2196 opacaque
606 2126 667 2180 ilice
685 2131 806 2192 tectum余

143 2205 195 2258 Hic
213 2206 267 2258 dea
284 2222 313 2258 se
331 2205 449 2273 primum
468 2203 565 2272 rapido
582 2203 766 2271 pulcherrima
783 2205 844 2257 nisu

141 2282 220 2335 Sistit
238 2285 267 2334 et
286 2283 437 2334 Arruntem
456 2279 561 2333 tumulo
579 2279 734 2346 speculatur
752 2279 787 2333 ab
805 2281 868 2334 alto.

143 2358 181 2410 Ut
198 2357 268 2410 vidit
285 2357 436 2425 fulgentem
455 2355 538 2409 armis
556 2371 587 2408 ac
606 2371 674 2408 vana
693 2358 860 2420 tumentcm余

143 2433 204 2500 Gur,
223 2433 319 2501 inquit,
339 2434 462 2487 diversus
480 2430 561 2486 ubist
579 2430 632 2484 hnc
650 2431 738 2498 dirige
755 2448 886 2499 gressum,
958 2446 996 2484 sss

144 2510 205 2562 linc
222 2510 344 2578 periture
362 2510 430 2575 veni,
449 2509 540 2577 capias
557 2511 590 2560 ut
608 2506 691 2574 digna
710 2507 839 2560 Camillae

144 2585 274 2639 Praemia.
310 2585 385 2638 Tune
403 2586 486 2638 etiarn
504 2582 568 2638 telis
587 2583 703 2636 moriere
722 2583 846 2638 Dianaol

143 2660 226 2727 Dixit,
245 2665 274 2714 et
291 2663 388 2713 aurata
404 2661 541 2713 volucrem
560 2658 688 2712 Threissa
705 2659 832 2726 sagittam

145 2736 320 2805 Deprompsit
335 2735 472 2804 pharetra,
491 2751 628 2802 cornuque
646 2735 751 2787 infensa
768 2733 895 2800 tetendit,

145 2812 179 2865 ht
197 2812 277 2865 duait
295 2813 383 2880 longe,
402 2811 489 2866 donec
507 2815 619 2864 curvata
637 2810 741 2863 coirent
958 2823 995 2861 sco

144 2889 221 2942 lnter
239 2905 268 2942 se
286 2889 382 2957 cupite,
401 2891 430 2941 et
448 2887 573 2940 manibus
591 2886 645 2940 iam
664 2890 791 2954 tangeret
811 2885 912 2954 aequis,

143 2963 233 3016 Laeva
250 2964 336 3016 aciem
354 2963 427 3029 ferri,
446 2963 546 3016 dextra
562 2978 700 3030 nervoque
718 2963 854 3030 papillam.

143 3039 288 3107 Extemplo
306 3039 354 3092 teli
373 3038 520 3092 stridorem
538 3053 673 3105 aurasque
692 3039 812 3092 sonantis

143 3115 242 3169 Audiit
259 3133 314 3169 una
333 3117 448 3182 Arruns,
466 3114 610 3182 haesitque
627 3115 655 3166 in
674 3131 787 3182 corpore
805 3115 918 3166 ferrum.

143 3192 226 3247 illum
239 3193 422 3263 exspirantem
436 3192 500 3246 socii
513 3195 597 3258 atque
609 3192 734 3244 extrema
745 3193 900 3258 gementem
957 3201 993 3240 ses
