2232 3556
96 139 144 189 270
320 136 350 182 Ρ.
369 133 523 182 VERGILI
542 133 707 181 MARONIS

95 217 151 272 Seu
169 218 235 271 satis
256 215 358 269 Italum
378 217 468 268 matra
487 213 630 267 obsidione
648 217 785 281 tenemm,

95 294 158 349 Sive
177 309 270 348 errore
289 292 360 345 malo
381 291 477 344 Troiae
495 289 663 358 monitisque
682 289 808 344 sinistris.
909 305 950 346 110

95 370 120 422 N
124 387 154 424 ec
175 369 292 424 Rutulos
311 369 391 421 solvo.
429 367 483 420 Sua
501 366 601 433 cuique
619 381 718 418 exorsa
736 366 858 421 laborem

95 445 301 512 Fortunamque
319 445 416 497 ferent.
453 443 515 495 Rex
536 441 664 510 Iuppiter
683 443 809 496 omnibus
829 443 911 497 idem.

95 521 166 575 Fata
185 522 256 574 viam
275 519 421 572 invenient.
458 519 546 586 Stygii
567 534 617 585 per
636 517 749 572 fiumina
764 520 864 585 fratris,

96 598 149 651 Per
167 599 227 666 pice
246 595 377 650 torrentis
397 599 512 662 atraque
528 594 657 661 voragine
676 595 751 664 ripas

95 674 210 739 Adnuit,
228 677 257 727 et
272 677 362 726 totum
377 676 446 725 nutu
463 671 617 724 tremefecit
640 670 792 740 Olympum.
909 687 948 727 11⁵

96 751 150 803 Hic
169 751 231 804 finis
247 749 329 802 sandi.
366 749 439 801 Solio
458 752 518 800 tum
540 747 668 816 luppiter
686 765 769 802 aureo

94 827 195 894 Surgit,
215 825 358 878 caelicolae
375 824 497 877 medium
516 840 599 892 quem
619 824 655 877 ad
673 825 768 878 limina
787 825 899 880 ducunt.

130 903 242 955 Interea
261 901 358 954 Rutuli
374 901 461 969 portis
481 900 583 953 circum
603 900 730 954 omnibus
747 901 849 954 instant

94 977 222 1032 Sternere
240 977 323 1030 caede
341 978 422 1041 viros,
441 981 470 1029 et
480 976 595 1028 moenia
612 977 722 1044 cingere
740 977 861 1030 flammis.

95 1057 135 1107 At
154 1054 225 1122 legio
246 1053 408 1106 Aeneadum
426 1052 503 1106 vallis
522 1051 634 1106 obsessa
652 1056 771 1121 tenetur,
909 1066 947 1106 120

95 1129 153 1183 Nec
169 1147 232 1198 spes
250 1130 306 1182 ulla
323 1131 413 1197 fugae.
451 1128 546 1181 Miseri
565 1132 640 1182 stant
658 1129 782 1184 turribus
801 1129 865 1183 altis

95 1207 277 1275 Nequiquam,
297 1211 326 1261 et
344 1223 408 1260 rara
426 1221 519 1258 muros
538 1205 648 1258 cinxere
668 1222 782 1260 corona:

95 1283 178 1336 Asius
199 1282 368 1336 Imbrasides
388 1281 622 1349 Hicetaoniusque
641 1282 805 1350 Thymoetes

95 1360 277 1427 Assaracique
295 1359 350 1412 duo
368 1363 398 1412 et
417 1358 508 1412 senior
525 1374 588 1410 eum
608 1358 722 1412 Castore
741 1359 891 1428 Thymbris,

95 1435 186 1487 Prima
204 1435 293 1498 acies;
311 1435 360 1487 hos
378 1434 501 1501 germani
521 1433 685 1502 Sarpedonis
703 1434 792 1502 ambo,
907 1449 946 1489 ms

93 1511 129 1564 llt
149 1510 245 1563 Clarus
265 1513 295 1563 et
315 1509 443 1574 Theman,
464 1509 545 1576 Lycia
564 1510 729 1564 comitantur
747 1510 783 1564 ab
801 1510 865 1564 alta

94 1587 161 1640 l'ert
178 1587 274 1654 ingens
293 1590 352 1640 toto
371 1585 504 1638 connixus
523 1601 636 1654 corpore
657 1603 761 1652 saxum,

96 1663 177 1715 Haud
197 1667 304 1730 partem
324 1661 452 1728 exiguam
471 1662 580 1728 montis,
601 1662 747 1730 Lyrnesius
769 1664 882 1730 Acmon,

92 1739 150 1792 Nec
170 1739 258 1807 Clytio
274 1738 399 1805 genitore
417 1738 513 1802 minor,
532 1755 582 1791 nec
602 1739 689 1792 fratre
710 1739 880 1794 Menestheo.

95 1815 131 1867 Hi
149 1816 251 1882 iaculis,
271 1815 311 1867 illi
332 1817 439 1868 certant
458 1813 608 1868 defendere
627 1816 707 1881 saxis,
906 1830 944 1869 rso

93 1892 239 1960 Molirique
259 1893 358 1959 ignem,
377 1907 517 1959 nervoque
534 1895 630 1960 aptare
649 1892 770 1959 sagittas.

93 1969 158 2036 lpse
177 1969 249 2022 inter
268 1968 380 2035 medios,
400 1967 517 2020 Veneris
535 1966 685 2020 iustissima
706 1984 778 2035 cura,

92 2044 246 2098 Dardanius
267 2049 357 2114 caput,
376 2060 447 2109 ecce,
468 2059 538 2111 puer
557 2042 684 2096 detectus
700 2043 853 2111 honestum,

91 2121 185 2185 Qualis
204 2137 319 2188 gemma,
339 2121 430 2187 micat,
448 2120 553 2172 fulvum
570 2135 640 2187 quae
660 2119 760 2174 dividit
776 2136 880 2188 aurum,

92 2201 150 2250 Aut
169 2198 238 2250 collo
258 2197 341 2250 decus
360 2200 409 2250 aut
427 2195 526 2263 capiti:
549 2195 592 2248 vel
611 2195 692 2262 quale
710 2213 761 2265 per
781 2199 869 2250 artem
904 2210 942 2250 1³⁵

94 2274 230 2326 luclusum
249 2273 323 2325 buxo
342 2277 391 2326 aut
410 2273 502 2325 Oricia
521 2271 678 2324 terebintho

92 2349 178 2402 Lucet
197 2348 283 2412 ebur;
299 2349 374 2400 fusos
393 2347 484 2400 cervix
504 2348 548 2400 cui
566 2347 654 2400 lactea
672 2348 754 2401 crinis

93 2425 200 2492 Accipit
220 2427 249 2477 et
268 2423 342 2476 molli
363 2422 501 2476 subnectit
520 2423 636 2476 circulus
657 2441 731 2478 auro.

90 2502 128 2554 Te
148 2516 258 2569 quoque
276 2499 464 2566 magnanimae
484 2498 620 2565 viderunt,
641 2500 753 2567 lemare,
772 2505 870 2569 gentes

93 2577 210 2630 Volnera
229 2575 355 2643 dirigere,
375 2579 404 2628 et
422 2574 539 2627 calamos
558 2591 665 2629 armare
686 2593 798 2644 veneno,
904 2590 940 2630 141

93 2653 218 2707 Maeonia
237 2667 369 2720 generoso
390 2651 471 2704 domo
497 2649 545 2702 ubi
561 2651 673 2718 pinguia
691 2653 765 2706 culta

92 2731 280 2797 Exercentque
299 2729 357 2792 viri,
380 2726 561 2794 Pactolusque
581 2727 682 2795 inrigat
703 2745 777 2782 auro.

92 2805 189 2858 Adfuit
208 2810 237 2858 et
257 2804 425 2866 Mnestheus,
444 2819 526 2870 quem
546 2803 618 2870 pulsi
638 2805 752 2871 pristina
773 2804 855 2858 Turni

91 2882 201 2948 Aggere
220 2895 374 2933 moerorum
394 2878 537 2931 sublimem
557 2878 644 2944 gloria
663 2880 742 2948 tollit,

89 2955 125 3008 Et
145 2955 248 3023 Capys:
274 2954 338 3006 hine
356 2969 455 3006 nomen
475 2952 628 3018 Oarnpanae
647 2954 757 3009 ducitur
777 2955 847 3010 urbi.
902 2971 939 3010 1⁴⁵

124 3030 168 3081 Illi
189 3031 262 3082 inter
282 3045 343 3081 seso
362 3028 424 3080 duri
444 3027 594 3080 certamina
614 3027 679 3080 belli

88 3103 283 3156 contulerant:
301 3104 392 3156 media
409 3106 518 3156 Aeneas
534 3101 606 3154 freta
623 3107 703 3156 nocte
721 3105 843 3165 secabat.

88 3175 224 3244 Namque,
243 3182 276 3230 ut
294 3178 331 3231 ab
351 3179 479 3231 Euandro
497 3176 594 3230 castris
614 3177 754 3245 ingressum
776 3180 907 3250 Ebusois,
