2242 3550
472 533 708 602 LECTORI.

543 763 644 787 -4-

223 957 267 1012 Dn
283 958 334 1012 hac
350 975 413 1013 mea
429 959 518 1028 opella
534 977 588 1014 non
607 963 650 1014 est
667 977 716 1014 cur
734 959 821 1014 multa
836 958 932 1014 dicam.
962 958 1018 1013 Vo-

170 1051 275 1105 iuerem
294 1057 370 1107 certe
390 1057 484 1108 textus
504 1055 654 1123 Vergiliani
675 1054 859 1108 recensionem
881 1070 935 1106 non
953 1055 1018 1106 ante

169 1145 301 1205 emittere
316 1162 399 1214 quarn
411 1150 474 1214 post
485 1145 639 1200 absolutum
657 1146 733 1198 ilium
745 1145 822 1199 cuius
833 1145 944 1200 tertiam
956 1161 1017 1214 par-

170 1241 227 1291 tem
245 1241 310 1292 ante
330 1238 435 1306 aliquot
459 1253 567 1292 menses
591 1236 666 1291 edidi
690 1237 930 1292 commentarium:
955 1253 1016 1290 cunr

168 1334 263 1384 autem
286 1331 403 1384 instaret
420 1329 586 1399 redemptor,
605 1330 754 1384 consultius
771 1329 883 1384 tandem
902 1329 967 1384 duxi
985 1331 1017 1383 ut

168 1425 237 1494 quid
264 1441 373 1494 possem
393 1425 453 1492 ipso
475 1425 615 1494 experirer
637 1441 720 1492 quam
739 1428 770 1478 ut
786 1424 857 1478 alius
884 1424 1017 1476 minorem

169 1517 237 1570 elius
254 1517 384 1570 maiorem
402 1517 552 1570 editionem
569 1515 667 1570 iisdem
685 1516 789 1570 scilicet
800 1515 929 1585 auspiciis
940 1532 1017 1570 cura-

169 1614 218 1665 ret.
254 1610 337 1665 Unde
347 1611 449 1664 factum
462 1613 504 1663 est
516 1613 547 1663 ut
559 1610 700 1663 nonnullas
717 1609 848 1663 lectiones
859 1607 1016 1663 admiserim

166 1721 283 1774 quarum
301 1708 349 1758 aut
365 1721 436 1757 nunc
454 1703 578 1772 poenitet
596 1707 644 1757 aut
661 1702 773 1772 posthae
791 1703 907 1758 fortasse
924 1704 1017 1772 poeni-

166 1797 246 1852 tebit
281 1796 370 1851 Verbi
395 1813 484 1864 causa,
510 1814 541 1850 re
567 1797 701 1850 maturius
725 1813 867 1866 perpensa,
893 1797 921 1849 in
943 1798 1016 1850 Aen.

166 1891 268 1945 iib.111.
282 1895 340 1956 614,
360 1890 484 1956 nomine,
506 1890 534 1942 in
547 1891 618 1943 Aen.
636 1889 734 1944 iib.v1.
749 1894 800 1944 332
823 1889 920 1942 citimi
938 1905 1016 1957 prae·

166 1984 309 2043 ferendum
322 2000 426 2050 censeo,
439 1984 494 2038 illic
507 1984 624 2038 Medicei
637 1984 806 2053 aliorumque
819 1983 942 2038 codicum
954 2001 1016 2038 auc-

165 2079 287 2145 toritate,
296 2077 341 2131 hic
354 2077 455 2146 partim
467 2077 592 2130 eiusdem
608 2077 727 2131 Medicei
739 2077 903 2130 auctoritate
914 2078 1015 2146 partim

165 2155 217 2225 ioci
234 2171 357 2239 germani
376 2171 447 2250 Aen.
460 2171 506 2224 lib.
521 2189 545 2224 x.
560 2177 618 2239 686,
636 2170 683 2224 ubi
701 2170 808 2225 codices
826 2171 947 2239 potiores
965 2188 1016 2240 pro

163 2267 262 2321 animi
280 2270 409 2335 pugnant,
422 2266 578 2321 testimonio
593 2269 742 2336 permotus.
779 2264 934 2318 Dolendum
951 2281 1016 2320 sano

165 2365 223 2432 hoc,
238 2381 328 2432 neque
344 2367 436 2417 tamen
452 2363 538 2432 pluris
554 2380 641 2434 aequo
656 2364 820 2418 faciendum.
856 2363 964 2432 Quippe
982 2381 1016 2418 ea

164 2461 209 2512 est
229 2457 312 2511 hodie
327 2461 421 2511 textus
433 2457 585 2526 Vergiliani
600 2457 721 2512 conditio
739 2461 770 2512 ut
788 2457 835 2526 qui
853 2455 958 2510 modica
975 2457 1014 2510 roi

163 2552 276 2606 criticae
295 2553 409 2605 scicntia
428 2552 578 2606 instructus
597 2568 694 2605 novam
712 2554 811 2620 poetae
830 2549 1014 2604 recensionem

164 2646 309 2701 instituere
326 2647 392 2700 velit
405 2647 450 2699 vix
469 2647 640 2701 committere
658 2645 747 2714 possit
764 2648 796 2700 ut
814 2661 873 2699 rem
889 2661 943 2698 non
957 2645 1015 2700 feli-

164 2739 235 2794 citer
256 2743 345 2808 gamt,
364 2740 446 2793 modo
466 2757 509 2808 ne,
528 2744 560 2794 ut
577 2756 699 2809 nupera
716 2756 770 2793 non
787 2740 895 2793 nemine
912 2739 1013 2794 facturn

164 2837 216 2901 est,
235 2834 264 2886 in
284 2837 362 2886 tanta
381 2832 512 2886 librorum
533 2833 780 2902 manuscriptorum
798 2832 876 2902 copia
894 2835 943 2886 eut
959 2833 1015 2886 suis

164 2931 213 2982 aut
230 2927 325 2981 alienis
343 2926 505 2980 coniecturis
523 2927 661 2981 abutatur.
699 2925 773 2978 Illud
784 2942 849 2978 vero
865 2927 1014 2994 optandum

166 3023 198 3074 ut
208 3021 261 3090 ipsi
274 3020 390 3086 codices,
406 3021 568 3087 pracsertim
582 3021 720 3072 Romanus
735 3018 937 3088 Palatinusque‚
956 3021 1015 3074 diii-

166 3113 275 3181 gentius
292 3113 481 3168 excutiantur:
507 3112 537 3165 id
555 3103 629 3180 quod
646 3129 662 3166 a
680 3110 839 3165 doctissimo
861 3111 1012 3166 Ribbeckio

81 3279 85 3286 Ι
167 3206 330 3262 iamdudum
342 3209 540 3276 exspectamus.
