2274 3554
108 93 154 140 106
334 88 363 137 P.
383 88 536 137 VERGILI
555 88 721 136 MARONlS

106 167 235 238 Quisquis
252 184 290 237 es,
307 167 421 222 amissos
437 167 501 222 hinc
517 168 571 222 iam
589 167 749 224 obliviscere
768 168 881 236 Graios3

18 241 22 250 ’
105 243 208 298 Noster
225 244 287 313 eris,
304 244 426 312 mihique
443 243 510 298 haec
527 244 649 297 edissere
667 261 731 299 vera
748 246 868 314 roganti:

105 318 165 383 Quo
177 321 276 374 molem
288 320 357 373 hanc
369 319 485 372 inmanis
494 321 557 388 equi
568 323 707 376 statueret
720 323 782 392 quis
791 323 904 376 auctori
918 335 954 385 laq

105 395 211 460 Quidve
222 397 339 466 petunt?
351 413 422 464 quae
434 395 544 463 religiol
561 399 609 448 aut
622 412 692 463 quae
704 398 829 452 machina
840 397 922 452 bellil

105 471 227 526 Dixerat.
265 473 324 537 ille,
342 471 412 524 dolis
430 471 580 524 instructus
597 475 626 525 et
643 478 704 527 arte
722 474 845 542 Pelasga,

105 547 222 602 Sustulit
240 553 337 601 exutas
356 547 450 600 vinclis
468 546 504 599 ad
521 547 612 600 sidera
629 549 745 616 palmas:

108 624 169 692 Vos,
188 624 293 678 aeterni
311 625 396 692 ignes,
415 627 444 676 et
462 640 516 676 non
533 623 659 679 violabile
676 631 798 680 vestrum

104 700 202 755 Testor
218 717 327 765 numen,
344 700 390 766 ait,
410 716 457 753 vos
475 716 538 754 arae
556 717 691 771 ensesque
708 702 829 768 nefandi,
919 714 955 754 15⁵

105 778 179 842 Quos
196 777 262 844 iugi,
281 777 422 846 vittaeque
441 776 531 844 deum,
551 795 619 846 quas
637 779 727 834 hostia
744 780 830 848 gessi:

106 853 159 908 llas
176 853 243 906 mihi
262 853 406 906 Graiorum
425 863 532 907 sacrata
549 855 686 909 resolvere
703 856 770 924 iura,

106 929 159 984 Tea
177 929 266 983 odisse
285 929 365 996 viros,
383 933 466 997 atque
485 931 576 984 omnia
593 931 665 986 ferre
682 932 734 986 sub
751 948 839 999 auras,

105 1007 133 1061 si
152 1024 206 1076 qua
223 1010 335 1074 tegunt3
361 1009 458 1060 teneor
475 1007 581 1076 patriae
599 1025 649 1062 nec
665 1009 772 1078 legibus
789 1009 859 1062 ullis.

105 1083 145 1156 Tu
162 1083 244 1136 niodo
261 1083 402 1152 promissis
419 1099 537 1153 maneas,
555 1090 718 1156 servataque
736 1102 827 1140 serres
920 1097 956 1137 rec

105 1160 185 1214 Troia
202 1159 293 1226 fidem,
312 1160 334 1213 si
352 1177 417 1213 vera
434 1160 529 1230 feram,
547 1162 569 1216 si
587 1179 685 1230 magna
702 1163 857 1232 rependam.

140 1236 234 1290 Omnis
252 1253 314 1306 spes
333 1236 459 1290 Danaum
478 1240 507 1290 et
525 1238 615 1306 coepti
633 1239 733 1293 fiducia
751 1239 815 1292 belli

105 1311 225 1367 Palladis
244 1313 352 1368 auxiliis
370 1330 479 1382 semper
497 1317 582 1368 stetit.
622 1315 727 1384 Impius
745 1331 779 1367 ex
797 1331 852 1382 quo

105 1386 222 1458 Tydides
240 1389 289 1444 sed
307 1391 379 1444 enim
398 1389 584 1458 scelerumque
603 1391 728 1444 inventor
748 1390 849 1457 Ulixes,

106 1466 202 1520 Fatale
220 1466 342 1535 adgressi
361 1470 468 1522 sacrato
487 1466 604 1520 avellere
622 1466 725 1534 templo
921 1479 958 1517 res

107 1542 265 1612 Palladium,
284 1545 370 1598 caesis
388 1559 510 1597 summae
528 1541 688 1596 custodibus
706 1541 784 1608 areis,

106 1619 269 1690 Corripuere
287 1638 390 1675 sacram
409 1619 534 1688 effigiem,
552 1617 732 1685 manibusque
749 1615 870 1670 cruentis

108 1696 251 1765 Virgineas
269 1698 328 1752 ansi
347 1697 426 1750 divae
445 1695 604 1762 contingere
622 1694 714 1759 vittas,

108 1773 149 1826 Ex
167 1774 213 1827 illo
231 1773 316 1829 fluere
334 1790 365 1826 ac
383 1776 458 1826 retro
476 1769 604 1837 sublapsa
620 1769 715 1822 referri

107 1848 175 1918 Spes
193 1850 325 1918 Danaum,
343 1850 446 1902 fractae
465 1846 542 1912 vires,
561 1861 657 1898 aversa
675 1844 743 1897 deae
760 1858 846 1896 mens
923 1856 959 1896 rao

108 1923 166 1980 Nec
184 1925 275 1980 dubiis
292 1943 325 1979 ea
344 1926 421 1992 signa
439 1921 517 1975 dedit
536 1920 657 1973 Tritonia
674 1919 810 1973 monstris.

108 2001 163 2055 Vix
180 2003 299 2072 positum
318 2001 413 2054 castris
432 1997 619 2051 simulacrum:
639 2013 731 2050 arsere
749 2011 876 2050 coruscae

108 2077 269 2132 Luminibus
289 2077 414 2130 flammae
432 2073 554 2142 arrectis,
573 2073 715 2143 salsusque
732 2090 782 2142 per
800 2078 877 2128 artus

109 2154 198 2208 Sudor
215 2156 255 2223 iit,
273 2158 371 2221 terque
390 2152 450 2219 ipsa
469 2151 686 2205 solo-mirabile
703 2149 815 2204 dictu-

109 2231 233 2298 Emicuit,
246 2246 423 2300 parmamque
446 2245 526 2282 erens
537 2228 700 2296 hastamque
713 2230 884 2281 trementem.
925 2239 961 2280 111

109 2307 254 2374 Extemplo
272 2305 434 2374 temptanda
451 2306 516 2372 iuga
534 2306 607 2359 cauit
626 2321 746 2374 aequora
764 2303 885 2370 Calchas,

107 2383 169 2450 ¹Nee
184 2400 264 2453 posse
283 2381 418 2450 Argolicis
438 2381 560 2436 exscindi
581 2382 715 2450 Pergama
732 2379 803 2448 telis,

110 2459 207 2512 Omina
223 2459 251 2512 ni
269 2461 396 2526 repetant
416 2459 507 2527 Argis,
527 2475 681 2527 numenque
700 2455 841 2525 reducant,

111 2536 190 2601 Quod
206 2535 304 2605 pelago
323 2539 352 2589 et
371 2535 460 2589 curvis
479 2552 570 2590 secum
588 2551 705 2588 avexere
723 2533 830 2587 carinis.

112 2613 147 2666 Et
164 2629 242 2678 nunc,
260 2612 334 2680 quod
352 2613 457 2681 patrias
475 2616 556 2666 vento
573 2612 680 2681 petiere
698 2611 833 2680 Mycenas,
927 2623 964 2672 1³0

113 2693 199 2743 Arma
217 2689 337 2757 deosque
355 2693 454 2758 parant
473 2689 595 2757 comites,
613 2689 766 2757 pelagoque
784 2701 909 2741 remenso

112 2765 247 2836 Inprovisi
265 2765 390 2820 aderunt.
428 2767 474 2820 lta
492 2767 594 2835 digerit
612 2766 703 2820 omina
721 2764 842 2818 Calchas.

112 2844 192 2897 Hanc
209 2860 259 2912 pro
278 2843 400 2897 Palladio
419 2844 522 2910 moniti,
541 2859 590 2912 pro
609 2842 721 2896 numine
738 2841 811 2895 laeso

113 2921 236 2989 Effigiem
255 2923 384 2987 statuere,
403 2920 478 2974 nefas
497 2937 567 2988 quac
585 2919 666 2973 triste
684 2918 779 2986 piaret.

113 2997 192 3052 Hanc
209 3001 301 3052 tamen
319 2999 469 3052 inmensam
488 2995 601 3053 Calchas
619 2995 747 3052 attollere
764 2993 863 3050 molem
928 3004 965 3044 ms

114 3073 267 3128 Roboribus
285 3075 370 3129 textis
389 3075 518 3142 caeloque
537 3073 655 3128 educere
672 3071 758 3137 iussit,

12 3157 13 3204 l
114 3149 156 3204 Ne
174 3151 257 3220 recipi
275 3152 370 3220 portis,
389 3154 437 3206 aut
456 3150 518 3207 duel
536 3150 564 3205 in
584 3149 691 3203 moenia
709 3148 805 3217 pressit,
