2242 3550
406 149 612 198 GEORGICON
631 150 699 198 LIB.
720 149 741 198 1.
971 155 1002 201 29

151 229 182 284 Si
200 231 330 299 superant
348 228 429 298 setus,
447 231 551 298 pariter
568 232 705 284 frumenta
722 236 878 300 sequentur,

150 306 306 376 Magnaque
324 323 385 360 cum
403 323 502 374 magno
520 309 610 361 veniet
628 308 727 362 tritura
744 309 849 374 cralore余
967 327 1004 364 rao

150 383 193 435 At
211 383 233 436 si
250 382 358 435 luxuria
375 383 500 436 foliorum
519 384 652 438 exuberat
669 385 772 454 umbra,

148 458 322 526 Nequiquam
341 459 448 526 pinguis
467 460 546 528 palea
563 464 637 514 teret
656 477 720 516 area
737 463 849 517 culmos.

149 535 260 587 Semina
277 533 334 587 vidi
351 534 478 604 equidem
497 537 599 589 multos
616 537 752 592 medicare
771 542 887 594 serentis

148 609 186 666 Et
205 611 277 664 nitro
294 611 370 678 prius
388 614 417 664 et
435 612 512 680 nigra
530 613 696 680 perfimdere
714 632 835 684 amurgn,

149 687 285 742 Grandior
301 692 333 741 ut
350 688 423 741 fetus
441 689 544 758 siliquis
562 689 703 744 fallacibus
720 697 801 759 esset,
968 709 1005 750 ras

148 763 193 831 Et,
213 765 334 832 quamvis
351 764 408 832 igni
426 766 532 834 exiguo,
551 772 697 834 properata
715 769 868 824 maderent.

147 840 214 894 Vidi
231 841 303 894 lecta
322 840 416 894 diuet
434 842 521 896 multo
540 847 664 912 spectata
682 845 776 900 labore

148 917 324 984 Degenerare
343 922 442 986 tamen,
462 919 490 972 ni
507 920 550 971 ris
566 919 683 973 lnrmana
701 923 862 990 quotannis

147 993 278 1046 Maxuma
298 1011 422 1062 quaeque
440 1013 522 1048 manu
540 995 654 1064 legeret.
693 998 737 1052 Sic
755 999 844 1052 omnia
861 999 925 1052 satis

148 1071 182 1122 In
201 1071 278 1138 peius
297 1088 383 1139 ruere,
403 1088 434 1124 ac
453 1075 528 1125 retro
547 1072 674 1141 sublapsa
691 1075 802 1139 referri余
966 1089 1004 1126 soe

147 1146 209 1198 Non
228 1147 315 1216 aliter,
334 1165 415 1217 quarn
433 1149 479 1218 qui
497 1149 612 1202 adverso
630 1150 676 1202 vix
694 1149 803 1218 flumine
822 1150 943 1204 lembum

146 1223 280 1290 Remigiis
299 1223 407 1292 subigit,
428 1225 451 1278 si
467 1225 592 1278 bracchia
610 1225 682 1279 forte
701 1227 812 1294 remisit,

149 1302 241 1367 Atque
258 1301 334 1354 illurn
352 1301 380 1354 in
398 1319 531 1370 praeceps
547 1319 633 1371 prono
650 1303 723 1370 rapit
741 1303 835 1356 alveus
851 1304 932 1357 amni.

183 1375 332 1430 Praeterea
350 1382 408 1432 tam
427 1382 491 1431 sunt
510 1379 623 1432 Arcturi
642 1379 732 1432 sidera
751 1380 827 1434 nobis

147 1451 363 1522 Haedorumque
382 1455 441 1508 dies
459 1455 585 1507 servandi
603 1459 631 1508 et
649 1455 753 1508 lucidus
773 1457 886 1524 Anguis,
964 1471 1003 1511 aaa

147 1529 234 1593 Quam
254 1530 351 1598 quibus
368 1532 396 1584 in
414 1531 532 1600 patriam
551 1535 664 1584 ventosa
682 1549 732 1599 per
750 1548 868 1600 aequora
887 1533 974 1586 rectis

147 1605 253 1658 Pontus
271 1609 301 1658 et
319 1608 437 1660 ostriferi
455 1608 546 1660 fauces
566 1611 738 1676 temptantur
758 1607 858 1676 Abydi.

146 1681 230 1734 Libra
248 1682 293 1736 die
312 1685 452 1752 somnique
470 1700 551 1752 pares
568 1683 615 1736 ubi
633 1683 730 1736 feccrit
748 1683 838 1752 horas,

146 1757 184 1811 Et
200 1759 322 1812 medium
339 1760 392 1814 luci
410 1764 492 1828 atque
512 1759 616 1812 umbris
632 1760 686 1813 iam
706 1759 804 1814 diuidit
822 1761 925 1828 orbem,

146 1835 288 1903 Excreate,
308 1837 365 1904 riri,
385 1840 484 1902 tauros,
503 1837 586 1889 serite
604 1835 708 1890 hordea
728 1837 838 1904 campis,
964 1852 1003 1890 aro

145 1911 241 1981 Usque
260 1911 314 1965 sub
330 1917 484 1966 extremum
501 1911 613 1965 brumae
631 1912 813 1966 intractabilis
830 1913 958 1975 imbrcm余

145 1987 167 2038 N
173 2005 206 2041 ec
222 2005 276 2041 non
294 1992 325 2042 et
342 1989 388 2041 lini
407 1993 530 2057 segetem
548 1993 577 2042 et
596 1988 709 2042 Cereale
728 2005 847 2057 papaver

144 2063 264 2133 Tempus
275 2065 360 2118 humo
371 2070 475 2134 tegere,
488 2069 517 2118 et
529 2064 688 2118 iamdudum
700 2065 857 2118 incumbere
867 2066 977 2132 aratris,

145 2140 217 2194 Dum
236 2142 423 2207 sicca-tellure
439 2142 511 2210 licet,
531 2142 597 2194 dum
615 2141 707 2194 nubila
726 2141 852 2209 pendent.

145 2217 219 2271 Vere
237 2218 308 2271 fabis
325 2219 409 2286 sati03
428 2223 488 2274 turn
507 2223 537 2272 te
555 2235 670 2287 quoque,
690 2217 805 2280 Medica,
823 2221 919 2285 putres
963 2232 1002 2271 art

145 2293 293 2364 Accipiunt
312 2297 384 2362 sulci,
404 2299 434 2350 et
451 2297 525 2350 milio
543 2295 619 2348 venit
637 2311 726 2347 annua
743 2310 816 2360 cura,

144 2371 282 2424 (laudidus
302 2374 404 2427 auratis
422 2373 511 2441 aperit
529 2389 589 2425 curn
608 2369 734 2424 cornibus
752 2387 851 2423 annum

144 2445 255 2514 Taurus,
277 2453 305 2501 et
323 2449 438 2502 adverso
457 2449 557 2502 cedens
576 2448 656 2502 Canis
676 2447 774 2500 occidit
792 2453 875 2501 astro.

143 2525 184 2578 At
203 2524 225 2576 si
244 2525 379 2578 triticeam
397 2526 424 2578 in
444 2543 560 2579 messem
578 2523 747 2592 robustaque
763 2525 837 2577 sarra

143 2600 290 2653 Exercebis
309 2601 422 2655 humum
441 2602 557 2670 solisque
575 2600 692 2653 instabis
709 2601 807 2666 aristis,
963 2612 1000 2651 aaa

143 2679 220 2731 Ante
237 2677 288 2731 tibi
308 2679 383 2732 ane
401 2678 560 2732 Atlantides
578 2677 781 2730 abscondantur

142 2753 296 2822 Gnosiaque
315 2755 440 2808 ardentis
458 2754 575 2808 decedat
593 2754 674 2806 stella
693 2753 821 2820 Coronae,

143 2827 245 2884 Debita
262 2850 343 2899 quarn
362 2832 442 2885 sulcis
460 2832 615 2885 committas
633 2831 743 2895 semina,
762 2843 898 2898 quamque

143 2907 252 2962 Invitae
268 2926 400 2978 properes
419 2910 482 2961 anni
501 2925 577 2978 spem
596 2908 709 2961 eredere
727 2911 828 2960 terrae.

141 2983 224 3038 Multi
241 2990 306 3038 aute
327 3003 451 3039 occasum
470 2985 559 3038 Maiae
579 3001 709 3054 coepere余
731 2982 780 3036 sed
798 2982 858 3035 illos
961 2993 1000 3034 aaa

143 3062 309 3132 Exspectata
330 3080 409 3131 seges
428 3063 504 3116 ranis
524 3061 604 3114 elusit
622 3061 718 3113 aristis.

141 3139 169 3192 Si
188 3156 253 3193 vero
273 3140 423 3208 viciamque
442 3155 517 3191 seres
535 3139 669 3205 vilemque
688 3136 829 3205 phaselum

140 3215 167 3268 N
170 3233 203 3270 ee
222 3215 377 3270 Pelusiacae
396 3232 490 3269 curam
508 3213 692 3282 aspernabere
709 3211 800 3277 lentis,
