2234 3554
420 153 603 200 AENEIDOS
625 153 694 202 LIB.
720 153 770 202 VI.
968 158 1015 206 185

161 237 231 291 Tum
250 235 360 290 Phoebo
378 236 407 288 et
425 232 532 286 Triviae
551 232 639 286 solido
657 233 693 286 de
711 249 852 288 marmore
869 235 1005 304 templum

162 313 317 375 instituam,
336 311 476 378 fastosque
495 309 554 362 dias
569 309 605 362 de
624 310 733 363 nomina
753 310 865 364 Phoebi.
992 325 1017 367 ro

161 389 199 441 To
218 404 327 456 quoquc
346 403 445 454 magna
463 389 574 439 manant
593 386 685 453 regnis
704 388 856 454 penetralia
873 389 979 444 nostris

161 465 216 517 Hic
232 479 283 532 ego
301 479 418 531 namque
436 467 498 516 tuas
516 465 604 516 sortes
621 479 774 530 arcanaque
792 464 856 527 iata,

161 540 243 594 Dicta
261 555 338 593 meae
356 539 440 606 genti,
459 555 565 607 ponam,
586 539 726 608 lectosque
744 539 863 606 sacrabo,

162 618 251 684 Alma,
269 617 349 669 viros.
386 615 469 668 Foliis
487 618 596 668 tantum
614 633 649 668 ne
667 616 787 669 carmina
804 617 912 685 manda,

158 695 204 748 Nc
221 693 334 746 turbata
352 691 443 745 volent
461 691 565 763 rapidis
583 692 703 745 ludibria
720 693 824 757 ventis3
992 708 1017 751 tu

165 770 226 838 lpsa
244 786 324 822 canas
343 785 398 822 oro.
437 769 531 822 Finem
552 769 631 824 dedit
649 786 698 823 ore
716 770 852 838 loquendi.

195 848 243 913 At,
263 845 367 899 Phoebi
384 846 504 899 nondum
522 846 638 914 patiens,
657 846 773 900 inmanis
791 847 819 900 in
837 850 916 902 antro

162 922 315 982 Bacchatur
332 926 417 989 vates,
436 939 566 990 magnum
585 923 608 974 si
626 927 738 990 pectore
756 923 843 991 possit

162 1000 318 1058 Excussisse
335 999 433 1065 ‹leum3
454 1003 533 1053 tanto
550 1000 638 1067 magis
655 999 702 1053 illa
719 1000 817 1068 fatigat

160 1076 198 1129 Os
210 1076 344 1144 rabidum,
357 1077 415 1130 iera
427 1075 513 1129 corda
524 1075 646 1142 domans,
659 1076 795 1144 fingitque
806 1078 965 1144 premendo.
989 1089 1014 1128 so

160 1151 238 1207 Ostia
255 1153 365 1222 iamque
383 1153 481 1207 domus
499 1155 615 1221 patuere
633 1152 756 1220 ingentia
773 1156 882 1206 centum

160 1228 262 1298 Sponte
280 1247 336 1297 sua,
354 1229 479 1298 vatisque
498 1229 590 1282 ierunt
609 1245 738 1295 responsa
755 1245 806 1296 pcr
823 1243 915 1281 auras:

160 1305 183 1358 0
201 1306 313 1360 tandem
332 1306 438 1374 magnis
456 1305 547 1374 pelagi
566 1304 695 1358 defuncte
713 1305 835 1373 periclis!

160 1381 215 1436 Sed
233 1385 324 1436 terrae
341 1383 467 1450 graviora
486 1386 604 1437 manent.
643 1382 676 1436 In
695 1397 781 1450 regna
799 1381 894 1436 Lavini

160 1457 334 1513 Dardanidae
347 1459 472 1523 venient3
491 1459 572 1514 mitte
584 1459 654 1513 banc
667 1459 703 1512 de
715 1461 827 1527 pectora
839 1473 948 1516 curam;
989 1470 1014 1509 ss

159 1535 214 1589 Sed
232 1553 286 1588 non
305 1539 334 1588 et
352 1537 459 1589 venisse
476 1537 575 1590 volent.
613 1535 698 1603 Bella,
716 1533 829 1588 horrida
846 1533 924 1598 bella,

160 1613 195 1665 llt
214 1612 345 1679 Thybrim
364 1613 451 1666 multo
469 1616 642 1682 spumantem
661 1612 792 1681 sangnine
810 1627 897 1665 cerno

160 1689 220 1742 Non
239 1689 338 1742 Simois
356 1689 416 1758 tibi,
435 1707 485 1743 nec
504 1690 638 1757 Xanthus,
658 1706 709 1743 nec
728 1688 829 1742 Dorica
846 1689 935 1742 castra

159 1765 319 1829 Defuerint;
338 1766 407 1820 alius
426 1767 506 1820 Latio
524 1767 579 1820 iam
596 1770 692 1834 partus
712 1765 842 1833 Achilles,

160 1841 248 1895 Natus
266 1845 295 1894 et
313 1842 372 1910 ipse
391 1842 458 1906 dea;
476 1859 526 1895 noc
545 1843 655 1896 Teucris
673 1843 769 1896 addita
788 1842 857 1894 luno
989 1856 1013 1896 so

161 1917 283 1986 Usquam
301 1917 406 1981 aberit;
427 1934 489 1970 cum
506 1922 539 1971 tu
557 1919 672 1986 supplex
690 1919 719 1970 in
736 1917 819 1970 rebus
838 1918 931 1985 egenis

159 1993 233 2057 Quas
248 1993 341 2059 gentis
361 1993 462 2045 Italum
480 1997 529 2046 ant
547 2009 616 2060 quas
633 2010 687 2046 non
704 1994 825 2046 oraveris
841 1993 937 2048 urbes!

158 2068 263 2120 Caussa
280 2068 343 2119 mali
362 2069 433 2120 tanti
452 2068 569 2120 coniunx
586 2069 688 2122 iterum
705 2067 814 2134 hospita
832 2069 943 2122 Teucris

160 2143 331 2211 Extornique
348 2144 450 2196 iterum
469 2143 592 2198 thalami.

152 2219 199 2273 ‘lu
217 2237 252 2273 ne
271 2219 338 2274 cede
356 2220 442 2287 malis,
463 2220 512 2274 sed
530 2224 627 2274 contra
644 2219 791 2274 audentior
808 2221 856 2287 ito,
989 2237 1013 2276 aa

159 2295 247 2360 Quam
265 2299 314 2349 tua
331 2300 360 2351 te
380 2297 503 2351 Fortuna
521 2299 599 2351 sinet.
637 2296 690 2350 Via
707 2297 796 2366 prima
812 2296 916 2364 salutis,

159 2372 239 2438 Quod
257 2373 367 2427 minime
386 2374 462 2441 reris,
483 2374 566 2428 Graia
584 2372 722 2442 pandetur
740 2373 776 2426 ab
793 2372 868 2427 urbe.

193 2448 304 2502 Talibus
321 2466 356 2503 ex
375 2450 458 2519 adyto
476 2451 558 2504 dictis
577 2449 695 2518 (lynraea
712 2449 815 2519 Sibylla

161 2525 320 2580 Horrendas
338 2527 412 2582 canit
430 2527 560 2596 ambages
579 2531 714 2596 antroque
732 2527 859 2596 remugit,

158 2601 288 2656 Obscuris
308 2620 372 2657 vera
389 2604 542 2658 involvens:
565 2621 597 2657 ea
614 2603 693 2658 frena
710 2603 811 2658 furenti
977 2617 1013 2657 100

159 2678 293 2743 (imcutit,
312 2684 340 2733 et
358 2680 482 2734 stimulos
500 2680 552 2734 snb
570 2684 681 2748 pectore
699 2681 784 2734 vertit
803 2681 910 2750 Apollo.

159 2755 198 2808 Ut
215 2755 333 2823 primum
352 2757 434 2810 cessit
450 2757 527 2810 furor
544 2763 573 2810 ct
592 2756 688 2810 rabida
703 2773 753 2810 ora
769 2758 907 2825 quicnmt,

101 2823 110 2836 “
161 2831 261 2901 Incipit
280 2832 389 2885 Aeneas
407 2833 500 2887 heros:
522 2833 583 2886 Non
602 2833 658 2887 ulla
676 2833 809 2901 laborum,
865 2883 867 2888 .

159 2907 182 2959 Ο
200 2908 284 2975 virgo,
302 2923 371 2961 nova
390 2909 427 2961 mi
445 2909 528 2963 iacies
546 2910 690 2978 inopinave
708 2909 810 2978 surgit3

157 2983 256 3036 Omnia
273 2985 400 3052 praecepi
419 2990 503 3055 atque
521 2987 611 3040 animo
629 3001 737 3040 mecum
755 2989 819 3039 ante
837 2985 937 3054 peregi
975 3000 1011 3041 roa

160 3061 250 3115 Unum
267 3077 329 3117 oro:
349 3061 459 3130 quando
477 3063 521 3116 hic
538 3062 638 3116 inferni
655 3063 737 3116 ianua
753 3061 827 3130 regis

159 3138 266 3193 Dicitur
285 3142 314 3192 ct
331 3139 478 3193 tenebrosa
494 3140 574 3208 palus
593 3139 751 3194 Acheronte
768 3138 868 3206 sciisse,

160 3215 205 3269 lre
223 3215 258 3269 an
277 3219 453 3285 conspectum
471 3215 526 3270 cari
544 3215 677 3286 genitoris
695 3218 725 3270 et
742 3231 790 3270 ora
