<?xml version="1.0" encoding="UTF-8"?>
<!DOCTYPE html PUBLIC "-//W3C//DTD XHTML 1.0 Transitional//EN"
    "http://www.w3.org/TR/xhtml1/DTD/xhtml1-transitional.dtd">
<html xmlns="http://www.w3.org/1999/xhtml" xml:lang="en" lang="en">
 <head>
  <title>
</title>
<meta http-equiv="Content-Type" content="text/html;charset=utf-8" />
  <meta name='ocr-system' content='tesseract 3.04.00' />
  <meta name='ocr-capabilities' content='ocr_page ocr_carea ocr_par ocr_line ocrx_word'/>
</head>
<body>
  <div class='ocr_page' id='page_1' title='image "./operaexrecensio02virggoog_0279.png"; bbox 0 0 2232 3556; ppageno 0'>
   <div class='ocr_carea' id='block_1_1' title="bbox 383 481 762 532">
    <p class='ocr_par' dir='ltr' id='par_1_1' title="bbox 383 481 762 532">
     <span class='ocr_line' id='line_1_1' title="bbox 383 481 762 532; baseline 0 0"><span class='ocrx_word' id='word_1_1' title='bbox 383 483 412 532; x_wconf 93' lang='lat' dir='ltr'><strong>P.</strong></span> <span class='ocrx_word' id='word_1_2' title='bbox 431 483 582 530; x_wconf 85' lang='lat' dir='ltr'>VERGILI</span> <span class='ocrx_word' id='word_1_3' title='bbox 599 481 762 532; x_wconf 83' lang='lat' dir='ltr'><strong>MARONIS</strong></span> 
     </span>
    </p>
   </div>
   <div class='ocr_carea' id='block_1_2' title="bbox 348 657 802 736">
    <p class='ocr_par' dir='ltr' id='par_1_2' title="bbox 348 657 802 736">
     <span class='ocr_line' id='line_1_2' title="bbox 348 657 802 736; baseline 0 0"><span class='ocrx_word' id='word_1_4' title='bbox 348 657 802 736; x_wconf 82' lang='lat' dir='ltr'><strong>AENEIDOS</strong></span> 
     </span>
    </p>
   </div>
   <div class='ocr_carea' id='block_1_3' title="bbox 413 862 725 918">
    <p class='ocr_par' dir='ltr' id='par_1_3' title="bbox 413 862 725 918">
     <span class='ocr_line' id='line_1_3' title="bbox 413 862 725 918; baseline 0 0"><span class='ocrx_word' id='word_1_5' title='bbox 413 863 531 918; x_wconf 82' lang='lat' dir='ltr'>LIBER</span> <span class='ocrx_word' id='word_1_6' title='bbox 549 862 725 918; x_wconf 79' lang='lat' dir='ltr'>DECIMUS.</span> 
     </span>
    </p>
   </div>
   <div class='ocr_carea' id='block_1_4' title="bbox 516 1029 617 1056">
    <p class='ocr_par' dir='ltr' id='par_1_4' title="bbox 516 1029 617 1056">
     <span class='ocr_line' id='line_1_4' title="bbox 516 1029 617 1056; baseline 0 0"><span class='ocrx_word' id='word_1_7' title='bbox 516 1029 617 1056; x_wconf 69' lang='lat' dir='ltr'><strong>-e—</strong></span> 
     </span>
    </p>
   </div>
   <div class='ocr_carea' id='block_1_5' title="bbox 145 1143 993 3274">
    <p class='ocr_par' dir='ltr' id='par_1_5' title="bbox 148 1143 883 1215">
     <span class='ocr_line' id='line_1_5' title="bbox 148 1143 883 1215; baseline 0.001 -19"><span class='ocrx_word' id='word_1_8' title='bbox 148 1143 297 1199; x_wconf 72' lang='lat' dir='ltr'><strong>Psrsmuus</strong></span> <span class='ocrx_word' id='word_1_9' title='bbox 314 1147 419 1202; x_wconf 84' lang='lat' dir='ltr'><strong>interea</strong></span> <span class='ocrx_word' id='word_1_10' title='bbox 437 1146 535 1201; x_wconf 90' lang='lat' dir='ltr'><strong>domus</strong></span> <span class='ocrx_word' id='word_1_11' title='bbox 551 1146 748 1215; x_wconf 87' lang='lat' dir='ltr'><strong>omnipotentis</strong></span> <span class='ocrx_word' id='word_1_12' title='bbox 766 1145 883 1214; x_wconf 78' lang='lat' dir='ltr'>Olympi,</span> 
     </span>
    </p>

    <p class='ocr_par' dir='ltr' id='par_1_6' title="bbox 148 1221 981 1291">
     <span class='ocr_line' id='line_1_6' title="bbox 148 1221 981 1291; baseline -0.001 -17"><span class='ocrx_word' id='word_1_13' title='bbox 148 1221 352 1290; x_wconf 87' lang='lat' dir='ltr'><strong>Conciliumque</strong></span> <span class='ocrx_word' id='word_1_14' title='bbox 370 1226 448 1276; x_wconf 85' lang='lat' dir='ltr'><strong>vocat</strong></span> <span class='ocrx_word' id='word_1_15' title='bbox 467 1223 557 1276; x_wconf 88' lang='lat' dir='ltr'><strong>divom</strong></span> <span class='ocrx_word' id='word_1_16' title='bbox 576 1228 657 1291; x_wconf 88' lang='lat' dir='ltr'><strong>pater</strong></span> <span class='ocrx_word' id='word_1_17' title='bbox 674 1227 758 1291; x_wconf 88' lang='lat' dir='ltr'><strong>atque</strong></span> <span class='ocrx_word' id='word_1_18' title='bbox 775 1222 915 1276; x_wconf 88' lang='lat' dir='ltr'><strong>hominum</strong></span> <span class='ocrx_word' id='word_1_19' title='bbox 932 1237 981 1274; x_wconf 79' lang='lat' dir='ltr'><strong>rex</strong></span> 
     </span>
    </p>

    <p class='ocr_par' dir='ltr' id='par_1_7' title="bbox 148 1295 879 1365">
     <span class='ocr_line' id='line_1_7' title="bbox 148 1295 879 1365; baseline 0.001 -16"><span class='ocrx_word' id='word_1_20' title='bbox 148 1295 287 1350; x_wconf 80' lang='lat' dir='ltr'><strong>Sideream</strong></span> <span class='ocrx_word' id='word_1_21' title='bbox 306 1298 334 1349; x_wconf 93' lang='lat' dir='ltr'><strong>in</strong></span> <span class='ocrx_word' id='word_1_22' title='bbox 353 1298 454 1365; x_wconf 90' lang='lat' dir='ltr'><strong>sedem,</strong></span> <span class='ocrx_word' id='word_1_23' title='bbox 473 1303 562 1353; x_wconf 86' lang='lat' dir='ltr'><strong>terras</strong></span> <span class='ocrx_word' id='word_1_24' title='bbox 580 1299 654 1352; x_wconf 90' lang='lat' dir='ltr'><strong>unde</strong></span> <span class='ocrx_word' id='word_1_25' title='bbox 671 1299 774 1351; x_wconf 86' lang='lat' dir='ltr'><strong>arduus</strong></span> <span class='ocrx_word' id='word_1_26' title='bbox 791 1297 879 1351; x_wconf 89' lang='lat' dir='ltr'><strong>omnis</strong></span> 
     </span>
    </p>

    <p class='ocr_par' dir='ltr' id='par_1_8' title="bbox 148 1371 991 1444">
     <span class='ocr_line' id='line_1_8' title="bbox 148 1371 991 1444; baseline -0.002 -18"><span class='ocrx_word' id='word_1_27' title='bbox 148 1372 299 1441; x_wconf 77' lang='lat' dir='ltr'><strong>Castraque</strong></span> <span class='ocrx_word' id='word_1_28' title='bbox 317 1374 505 1428; x_wconf 81' lang='lat' dir='ltr'><strong>Dardanidum</strong></span> <span class='ocrx_word' id='word_1_29' title='bbox 523 1376 668 1444; x_wconf 81' lang='lat' dir='ltr'><strong>adspectat</strong></span> <span class='ocrx_word' id='word_1_30' title='bbox 685 1375 855 1443; x_wconf 90' lang='lat' dir='ltr'><strong>populosque</strong></span> <span class='ocrx_word' id='word_1_31' title='bbox 873 1371 991 1426; x_wconf 83' lang='lat' dir='ltr'><strong>Latinos</strong></span> 
     </span>
    </p>

    <p class='ocr_par' dir='ltr' id='par_1_9' title="bbox 147 1447 993 1520">
     <span class='ocr_line' id='line_1_9' title="bbox 147 1447 993 1520; baseline -0.001 -18"><span class='ocrx_word' id='word_1_32' title='bbox 147 1447 298 1503; x_wconf 81' lang='lat' dir='ltr'><strong>Considunt</strong></span> <span class='ocrx_word' id='word_1_33' title='bbox 314 1453 396 1504; x_wconf 88' lang='lat' dir='ltr'><strong>tectis</strong></span> <span class='ocrx_word' id='word_1_34' title='bbox 416 1451 621 1520; x_wconf 83' lang='lat' dir='ltr'><strong>bipatentibus;</strong></span> <span class='ocrx_word' id='word_1_35' title='bbox 638 1452 735 1520; x_wconf 89' lang='lat' dir='ltr'><strong>incipit</strong></span> <span class='ocrx_word' id='word_1_36' title='bbox 752 1450 826 1518; x_wconf 88' lang='lat' dir='ltr'><strong>ipse:</strong></span> <span class='ocrx_word' id='word_1_37' title='bbox 981 1464 993 1501; x_wconf 86' lang='lat' dir='ltr'><strong>s</strong></span> 
     </span>
    </p>

    <p class='ocr_par' dir='ltr' id='par_1_10' title="bbox 146 1524 806 1596">
     <span class='ocr_line' id='line_1_10' title="bbox 146 1524 806 1596; baseline 0.002 -18"><span class='ocrx_word' id='word_1_38' title='bbox 146 1524 295 1580; x_wconf 77' lang='lat' dir='ltr'><strong>Caelicolae</strong></span> <span class='ocrx_word' id='word_1_39' title='bbox 312 1527 412 1595; x_wconf 88' lang='lat' dir='ltr'><strong>magni,</strong></span> <span class='ocrx_word' id='word_1_40' title='bbox 430 1545 556 1596; x_wconf 88' lang='lat' dir='ltr'><strong>quranam</strong></span> <span class='ocrx_word' id='word_1_41' title='bbox 575 1529 712 1582; x_wconf 87' lang='lat' dir='ltr'><strong>sententia</strong></span> <span class='ocrx_word' id='word_1_42' title='bbox 729 1526 806 1580; x_wconf 87' lang='lat' dir='ltr'><strong>vobis</strong></span> 
     </span>
    </p>

    <p class='ocr_par' dir='ltr' id='par_1_11' title="bbox 145 1601 894 1673">
     <span class='ocr_line' id='line_1_11' title="bbox 145 1601 894 1673; baseline 0.003 -18"><span class='ocrx_word' id='word_1_43' title='bbox 145 1601 234 1656; x_wconf 87' lang='lat' dir='ltr'><strong>Versa</strong></span> <span class='ocrx_word' id='word_1_44' title='bbox 252 1608 334 1670; x_wconf 89' lang='lat' dir='ltr'><strong>retro,</strong></span> <span class='ocrx_word' id='word_1_45' title='bbox 352 1608 514 1673; x_wconf 88' lang='lat' dir='ltr'><strong>tantumque</strong></span> <span class='ocrx_word' id='word_1_46' title='bbox 531 1606 628 1659; x_wconf 87' lang='lat' dir='ltr'><strong>animis</strong></span> <span class='ocrx_word' id='word_1_47' title='bbox 646 1606 759 1659; x_wconf 88' lang='lat' dir='ltr'><strong>certatis</strong></span> <span class='ocrx_word' id='word_1_48' title='bbox 776 1603 894 1672; x_wconf 84' lang='lat' dir='ltr'><strong>iniquisi</strong></span> 
     </span>
    </p>

    <p class='ocr_par' dir='ltr' id='par_1_12' title="bbox 145 1679 840 1738">
     <span class='ocr_line' id='line_1_12' title="bbox 145 1679 840 1738; baseline 0.001 -6"><span class='ocrx_word' id='word_1_49' title='bbox 145 1679 304 1733; x_wconf 86' lang='lat' dir='ltr'><strong>Abnueram</strong></span> <span class='ocrx_word' id='word_1_50' title='bbox 323 1679 395 1733; x_wconf 87' lang='lat' dir='ltr'><strong>bello</strong></span> <span class='ocrx_word' id='word_1_51' title='bbox 414 1681 521 1734; x_wconf 90' lang='lat' dir='ltr'><strong>ltaliam</strong></span> <span class='ocrx_word' id='word_1_52' title='bbox 540 1698 703 1738; x_wconf 88' lang='lat' dir='ltr'><strong>concurrere</strong></span> <span class='ocrx_word' id='word_1_53' title='bbox 722 1680 840 1734; x_wconf 84' lang='lat' dir='ltr'><strong>Teucris</strong></span> 
     </span>
    </p>

    <p class='ocr_par' dir='ltr' id='par_1_13' title="bbox 145 1754 963 1826">
     <span class='ocr_line' id='line_1_13' title="bbox 145 1754 963 1826; baseline 0 -18"><span class='ocrx_word' id='word_1_54' title='bbox 145 1754 221 1818; x_wconf 84' lang='lat' dir='ltr'><strong>Quae</strong></span> <span class='ocrx_word' id='word_1_55' title='bbox 239 1759 335 1809; x_wconf 89' lang='lat' dir='ltr'><strong>contra</strong></span> <span class='ocrx_word' id='word_1_56' title='bbox 352 1757 469 1810; x_wconf 88' lang='lat' dir='ltr'><strong>vetitum</strong></span> <span class='ocrx_word' id='word_1_57' title='bbox 488 1757 642 1812; x_wconf 87' lang='lat' dir='ltr'><strong>discordial</strong></span> <span class='ocrx_word' id='word_1_58' title='bbox 661 1760 722 1826; x_wconf 90' lang='lat' dir='ltr'><strong>quis</strong></span> <span class='ocrx_word' id='word_1_59' title='bbox 740 1759 829 1812; x_wconf 88' lang='lat' dir='ltr'><strong>metus</strong></span> <span class='ocrx_word' id='word_1_60' title='bbox 848 1758 896 1809; x_wconf 86' lang='lat' dir='ltr'><strong>aut</strong></span> <span class='ocrx_word' id='word_1_61' title='bbox 913 1755 963 1808; x_wconf 88' lang='lat' dir='ltr'><strong>hos</strong></span> 
     </span>
    </p>

    <p class='ocr_par' dir='ltr' id='par_1_14' title="bbox 146 1832 992 1900">
     <span class='ocr_line' id='line_1_14' title="bbox 146 1832 992 1900; baseline 0.001 -17"><span class='ocrx_word' id='word_1_62' title='bbox 146 1832 205 1884; x_wconf 88' lang='lat' dir='ltr'><strong>Aut</strong></span> <span class='ocrx_word' id='word_1_63' title='bbox 222 1832 271 1884; x_wconf 89' lang='lat' dir='ltr'><strong>hos</strong></span> <span class='ocrx_word' id='word_1_64' title='bbox 289 1848 366 1884; x_wconf 89' lang='lat' dir='ltr'><strong>arma</strong></span> <span class='ocrx_word' id='word_1_65' title='bbox 384 1833 459 1899; x_wconf 89' lang='lat' dir='ltr'><strong>sequi</strong></span> <span class='ocrx_word' id='word_1_66' title='bbox 478 1834 636 1900; x_wconf 87' lang='lat' dir='ltr'><strong>ferrumque</strong></span> <span class='ocrx_word' id='word_1_67' title='bbox 653 1834 785 1886; x_wconf 83' lang='lat' dir='ltr'><strong>lacessere</strong></span> <span class='ocrx_word' id='word_1_68' title='bbox 804 1832 909 1886; x_wconf 85' lang='lat' dir='ltr'><strong>suasitl</strong></span> <span class='ocrx_word' id='word_1_69' title='bbox 968 1847 992 1884; x_wconf 86' lang='lat' dir='ltr'><strong>ro</strong></span> 
     </span>
    </p>

    <p class='ocr_par' dir='ltr' id='par_1_15' title="bbox 145 1907 878 1976">
     <span class='ocr_line' id='line_1_15' title="bbox 145 1907 878 1976; baseline 0.003 -17"><span class='ocrx_word' id='word_1_70' title='bbox 145 1907 284 1960; x_wconf 84' lang='lat' dir='ltr'><strong>Adveniet</strong></span> <span class='ocrx_word' id='word_1_71' title='bbox 300 1909 402 1961; x_wconf 90' lang='lat' dir='ltr'><strong>iustum</strong></span> <span class='ocrx_word' id='word_1_72' title='bbox 420 1925 535 1976; x_wconf 83' lang='lat' dir='ltr'><strong>pugnae,</strong></span> <span class='ocrx_word' id='word_1_73' title='bbox 553 1927 588 1961; x_wconf 88' lang='lat' dir='ltr'><strong>ne</strong></span> <span class='ocrx_word' id='word_1_74' title='bbox 606 1911 744 1973; x_wconf 88' lang='lat' dir='ltr'><strong>arcessite,</strong></span> <span class='ocrx_word' id='word_1_75' title='bbox 761 1913 878 1976; x_wconf 87' lang='lat' dir='ltr'><strong>tempus,</strong></span> 
     </span>
    </p>

    <p class='ocr_par' dir='ltr' id='par_1_16' title="bbox 146 1981 807 2050">
     <span class='ocr_line' id='line_1_16' title="bbox 146 1981 807 2050; baseline 0.002 -16"><span class='ocrx_word' id='word_1_76' title='bbox 146 1981 214 2034; x_wconf 90' lang='lat' dir='ltr'><strong>Cum</strong></span> <span class='ocrx_word' id='word_1_77' title='bbox 231 1983 291 2035; x_wconf 82' lang='lat' dir='ltr'><strong>iera</strong></span> <span class='ocrx_word' id='word_1_78' title='bbox 310 1983 452 2050; x_wconf 80' lang='lat' dir='ltr'><strong>Karthago</strong></span> <span class='ocrx_word' id='word_1_79' title='bbox 471 1983 600 2036; x_wconf 85' lang='lat' dir='ltr'><strong>Romanis</strong></span> <span class='ocrx_word' id='word_1_80' title='bbox 618 1984 726 2036; x_wconf 86' lang='lat' dir='ltr'><strong>arcibus</strong></span> <span class='ocrx_word' id='word_1_81' title='bbox 744 1984 807 2035; x_wconf 93' lang='lat' dir='ltr'><strong>olim</strong></span> 
     </span>
    </p>

    <p class='ocr_par' dir='ltr' id='par_1_17' title="bbox 145 2057 905 2126">
     <span class='ocr_line' id='line_1_17' title="bbox 145 2057 905 2126; baseline 0.004 -17"><span class='ocrx_word' id='word_1_82' title='bbox 145 2057 267 2110; x_wconf 85' lang='lat' dir='ltr'><strong>Exitium</strong></span> <span class='ocrx_word' id='word_1_83' title='bbox 286 2074 414 2125; x_wconf 88' lang='lat' dir='ltr'><strong>maguum</strong></span> <span class='ocrx_word' id='word_1_84' title='bbox 432 2062 516 2124; x_wconf 90' lang='lat' dir='ltr'><strong>atquo</strong></span> <span class='ocrx_word' id='word_1_85' title='bbox 535 2059 622 2126; x_wconf 83' lang='lat' dir='ltr'><strong>Alpes</strong></span> <span class='ocrx_word' id='word_1_86' title='bbox 638 2059 761 2111; x_wconf 83' lang='lat' dir='ltr'><strong>inmittet</strong></span> <span class='ocrx_word' id='word_1_87' title='bbox 779 2063 905 2126; x_wconf 88' lang='lat' dir='ltr'><strong>apertas:</strong></span> 
     </span>
    </p>

    <p class='ocr_par' dir='ltr' id='par_1_18' title="bbox 145 2132 836 2202">
     <span class='ocr_line' id='line_1_18' title="bbox 145 2132 836 2202; baseline 0.003 -17"><span class='ocrx_word' id='word_1_88' title='bbox 145 2132 214 2186; x_wconf 83' lang='lat' dir='ltr'><strong>Tum</strong></span> <span class='ocrx_word' id='word_1_89' title='bbox 232 2137 338 2187; x_wconf 87' lang='lat' dir='ltr'><strong>certare</strong></span> <span class='ocrx_word' id='word_1_90' title='bbox 357 2133 434 2200; x_wconf 87' lang='lat' dir='ltr'><strong>odiis,</strong></span> <span class='ocrx_word' id='word_1_91' title='bbox 452 2137 512 2186; x_wconf 93' lang='lat' dir='ltr'><strong>tum</strong></span> <span class='ocrx_word' id='word_1_92' title='bbox 530 2150 575 2186; x_wconf 90' lang='lat' dir='ltr'><strong>res</strong></span> <span class='ocrx_word' id='word_1_93' title='bbox 592 2134 717 2202; x_wconf 87' lang='lat' dir='ltr'><strong>rapuisse</strong></span> <span class='ocrx_word' id='word_1_94' title='bbox 735 2133 836 2188; x_wconf 80' lang='lat' dir='ltr'><strong>licebit,</strong></span> 
     </span>
    </p>

    <p class='ocr_par' dir='ltr' id='par_1_19' title="bbox 145 2208 992 2354">
     <span class='ocr_line' id='line_1_19' title="bbox 145 2208 992 2278; baseline 0.006 -18"><span class='ocrx_word' id='word_1_95' title='bbox 145 2208 171 2260; x_wconf 97' lang='lat' dir='ltr'><strong>N</strong></span> <span class='ocrx_word' id='word_1_96' title='bbox 173 2225 226 2262; x_wconf 89' lang='lat' dir='ltr'><strong>unc</strong></span> <span class='ocrx_word' id='word_1_97' title='bbox 244 2209 332 2274; x_wconf 86' lang='lat' dir='ltr'><strong>sinite,</strong></span> <span class='ocrx_word' id='word_1_98' title='bbox 351 2213 380 2262; x_wconf 88' lang='lat' dir='ltr'><strong>et</strong></span> <span class='ocrx_word' id='word_1_99' title='bbox 397 2209 527 2278; x_wconf 88' lang='lat' dir='ltr'><strong>placitum</strong></span> <span class='ocrx_word' id='word_1_100' title='bbox 545 2209 610 2263; x_wconf 83' lang='lat' dir='ltr'><strong>laeti</strong></span> <span class='ocrx_word' id='word_1_101' title='bbox 629 2210 773 2278; x_wconf 87' lang='lat' dir='ltr'><strong>conponite</strong></span> <span class='ocrx_word' id='word_1_102' title='bbox 791 2210 897 2264; x_wconf 86' lang='lat' dir='ltr'><strong>foedus.</strong></span> <span class='ocrx_word' id='word_1_103' title='bbox 971 2229 992 2266; x_wconf 79' lang='lat' dir='ltr'><strong>rs</strong></span> 
     </span>
     <span class='ocr_line' id='line_1_20' title="bbox 180 2283 964 2354; baseline 0.004 -16"><span class='ocrx_word' id='word_1_104' title='bbox 180 2283 307 2354; x_wconf 75' lang='lat' dir='ltr'><strong>Iuppiter</strong></span> <span class='ocrx_word' id='word_1_105' title='bbox 324 2285 391 2339; x_wconf 88' lang='lat' dir='ltr'><strong>haec</strong></span> <span class='ocrx_word' id='word_1_106' title='bbox 408 2285 519 2354; x_wconf 90' lang='lat' dir='ltr'><strong>paucis;</strong></span> <span class='ocrx_word' id='word_1_107' title='bbox 537 2289 567 2340; x_wconf 89' lang='lat' dir='ltr'><strong>at</strong></span> <span class='ocrx_word' id='word_1_108' title='bbox 584 2303 637 2339; x_wconf 90' lang='lat' dir='ltr'><strong>non</strong></span> <span class='ocrx_word' id='word_1_109' title='bbox 656 2286 751 2339; x_wconf 88' lang='lat' dir='ltr'><strong>Venus</strong></span> <span class='ocrx_word' id='word_1_110' title='bbox 768 2303 852 2340; x_wconf 88' lang='lat' dir='ltr'><strong>aurea</strong></span> <span class='ocrx_word' id='word_1_111' title='bbox 869 2291 964 2342; x_wconf 87' lang='lat' dir='ltr'><strong>contra</strong></span> 
     </span>
    </p>

    <p class='ocr_par' dir='ltr' id='par_1_20' title="bbox 146 2357 642 2416">
     <span class='ocr_line' id='line_1_21' title="bbox 146 2357 642 2416; baseline 0.008 -3"><span class='ocrx_word' id='word_1_112' title='bbox 146 2360 236 2414; x_wconf 88' lang='lat' dir='ltr'><strong>Pauca</strong></span> <span class='ocrx_word' id='word_1_113' title='bbox 254 2361 356 2416; x_wconf 82' lang='lat' dir='ltr'><strong>refert:</strong></span> <span class='ocrx_word' id='word_1_114' title='bbox 640 2357 642 2361; x_wconf 70' lang='grc'><strong>’</strong></span> 
     </span>
    </p>

    <p class='ocr_par' dir='ltr' id='par_1_21' title="bbox 145 2435 921 2510">
     <span class='ocr_line' id='line_1_22' title="bbox 145 2435 921 2510; baseline 0.006 -20"><span class='ocrx_word' id='word_1_115' title='bbox 145 2435 169 2490; x_wconf 93' lang='lat'>0</span> <span class='ocrx_word' id='word_1_116' title='bbox 189 2437 279 2505; x_wconf 86' lang='lat' dir='ltr'><strong>Pater,</strong></span> <span class='ocrx_word' id='word_1_117' title='bbox 297 2455 313 2491; x_wconf 94' lang='lat' dir='ltr'><strong>o</strong></span> <span class='ocrx_word' id='word_1_118' title='bbox 331 2439 470 2492; x_wconf 90' lang='lat' dir='ltr'><strong>homiuum</strong></span> <span class='ocrx_word' id='word_1_119' title='bbox 488 2456 636 2507; x_wconf 83' lang='lat' dir='ltr'><strong>rerumque</strong></span> <span class='ocrx_word' id='word_1_120' title='bbox 653 2442 766 2494; x_wconf 89' lang='lat' dir='ltr'><strong>aeterna</strong></span> <span class='ocrx_word' id='word_1_121' title='bbox 783 2443 921 2510; x_wconf 87' lang='lat' dir='ltr'><strong>potestas!</strong></span> 
     </span>
    </p>

    <p class='ocr_par' dir='ltr' id='par_1_22' title="bbox 145 2513 993 2586">
     <span class='ocr_line' id='line_1_23' title="bbox 145 2513 993 2586; baseline 0.002 -19"><span class='ocrx_word' id='word_1_122' title='bbox 145 2513 271 2582; x_wconf 84' lang='lat' dir='ltr'><strong>Namque</strong></span> <span class='ocrx_word' id='word_1_123' title='bbox 289 2515 364 2569; x_wconf 90' lang='lat' dir='ltr'><strong>aliud</strong></span> <span class='ocrx_word' id='word_1_124' title='bbox 382 2515 449 2584; x_wconf 87' lang='lat' dir='ltr'><strong>quid</strong></span> <span class='ocrx_word' id='word_1_125' title='bbox 467 2516 511 2583; x_wconf 89' lang='lat' dir='ltr'><strong>sit,</strong></span> <span class='ocrx_word' id='word_1_126' title='bbox 530 2517 604 2584; x_wconf 90' lang='lat' dir='ltr'><strong>quod</strong></span> <span class='ocrx_word' id='word_1_127' title='bbox 622 2517 676 2570; x_wconf 90' lang='lat' dir='ltr'><strong>iam</strong></span> <span class='ocrx_word' id='word_1_128' title='bbox 691 2517 828 2586; x_wconf 84' lang='lat' dir='ltr'><strong>inplorare</strong></span> <span class='ocrx_word' id='word_1_129' title='bbox 842 2519 993 2586; x_wconf 77' lang='lat' dir='ltr'><strong>queamus?</strong></span> 
     </span>
    </p>

    <p class='ocr_par' dir='ltr' id='par_1_23' title="bbox 146 2589 993 2662">
     <span class='ocr_line' id='line_1_24' title="bbox 146 2589 993 2662; baseline 0.004 -19"><span class='ocrx_word' id='word_1_130' title='bbox 146 2589 249 2657; x_wconf 88' lang='lat' dir='ltr'><strong>Cernis,</strong></span> <span class='ocrx_word' id='word_1_131' title='bbox 267 2595 299 2644; x_wconf 87' lang='lat' dir='ltr'><strong>ut</strong></span> <span class='ocrx_word' id='word_1_132' title='bbox 316 2593 448 2646; x_wconf 89' lang='lat' dir='ltr'><strong>insultent</strong></span> <span class='ocrx_word' id='word_1_133' title='bbox 466 2592 570 2658; x_wconf 88' lang='lat' dir='ltr'><strong>Rutuli,</strong></span> <span class='ocrx_word' id='word_1_134' title='bbox 589 2593 751 2662; x_wconf 86' lang='lat' dir='ltr'><strong>Turnusque</strong></span> <span class='ocrx_word' id='word_1_135' title='bbox 768 2595 875 2647; x_wconf 88' lang='lat' dir='ltr'><strong>feratur</strong></span> <span class='ocrx_word' id='word_1_136' title='bbox 970 2609 993 2646; x_wconf 81' lang='lat' dir='ltr'><strong>aa</strong></span> 
     </span>
    </p>

    <p class='ocr_par' dir='ltr' id='par_1_24' title="bbox 146 2667 882 2738">
     <span class='ocr_line' id='line_1_25' title="bbox 146 2667 882 2738; baseline 0.005 -19"><span class='ocrx_word' id='word_1_137' title='bbox 146 2667 200 2719; x_wconf 87' lang='lat' dir='ltr'><strong>Per</strong></span> <span class='ocrx_word' id='word_1_138' title='bbox 217 2667 321 2720; x_wconf 89' lang='lat' dir='ltr'><strong>medios</strong></span> <span class='ocrx_word' id='word_1_139' title='bbox 338 2669 452 2736; x_wconf 84' lang='lat' dir='ltr'><strong>insignis</strong></span> <span class='ocrx_word' id='word_1_140' title='bbox 470 2669 547 2737; x_wconf 89' lang='lat' dir='ltr'><strong>equis</strong></span> <span class='ocrx_word' id='word_1_141' title='bbox 566 2669 744 2738; x_wconf 88' lang='lat' dir='ltr'><strong>tumidusque</strong></span> <span class='ocrx_word' id='word_1_142' title='bbox 763 2670 882 2723; x_wconf 86' lang='lat' dir='ltr'><strong>secundo</strong></span> 
     </span>
    </p>

    <p class='ocr_par' dir='ltr' id='par_1_25' title="bbox 145 2742 976 2812">
     <span class='ocr_line' id='line_1_26' title="bbox 145 2742 976 2812; baseline 0.002 -18"><span class='ocrx_word' id='word_1_143' title='bbox 145 2742 237 2796; x_wconf 88' lang='lat' dir='ltr'><strong>Marte</strong></span> <span class='ocrx_word' id='word_1_144' title='bbox 255 2749 318 2797; x_wconf 87' lang='lat' dir='ltr'><strong>ruat</strong></span> <span class='ocrx_word' id='word_1_145' title='bbox 330 2746 339 2798; x_wconf 74' lang='lat' dir='ltr'><strong>‘l</strong></span> <span class='ocrx_word' id='word_1_146' title='bbox 359 2745 419 2797; x_wconf 88' lang='lat' dir='ltr'><strong>Non</strong></span> <span class='ocrx_word' id='word_1_147' title='bbox 438 2745 529 2798; x_wconf 86' lang='lat' dir='ltr'><strong>clausa</strong></span> <span class='ocrx_word' id='word_1_148' title='bbox 545 2749 645 2812; x_wconf 84' lang='lat' dir='ltr'><strong>tegunt</strong></span> <span class='ocrx_word' id='word_1_149' title='bbox 663 2746 718 2798; x_wconf 90' lang='lat' dir='ltr'><strong>iam</strong></span> <span class='ocrx_word' id='word_1_150' title='bbox 735 2747 844 2799; x_wconf 88' lang='lat' dir='ltr'><strong>moenia</strong></span> <span class='ocrx_word' id='word_1_151' title='bbox 859 2746 976 2799; x_wconf 80' lang='lat' dir='ltr'><strong>Teucros</strong></span> 
     </span>
    </p>

    <p class='ocr_par' dir='ltr' id='par_1_26' title="bbox 147 2817 855 2890">
     <span class='ocr_line' id='line_1_27' title="bbox 147 2817 855 2890; baseline 0.006 -20"><span class='ocrx_word' id='word_1_152' title='bbox 147 2817 217 2882; x_wconf 83' lang='lat' dir='ltr'><strong>Quin</strong></span> <span class='ocrx_word' id='word_1_153' title='bbox 235 2820 308 2872; x_wconf 88' lang='lat' dir='ltr'><strong>intra</strong></span> <span class='ocrx_word' id='word_1_154' title='bbox 326 2825 418 2888; x_wconf 87' lang='lat' dir='ltr'><strong>portas</strong></span> <span class='ocrx_word' id='word_1_155' title='bbox 435 2824 518 2888; x_wconf 88' lang='lat' dir='ltr'><strong>atque</strong></span> <span class='ocrx_word' id='word_1_156' title='bbox 536 2821 602 2890; x_wconf 90' lang='lat' dir='ltr'><strong>ipsis</strong></span> <span class='ocrx_word' id='word_1_157' title='bbox 619 2821 723 2890; x_wconf 87' lang='lat' dir='ltr'><strong>proelia</strong></span> <span class='ocrx_word' id='word_1_158' title='bbox 740 2822 855 2875; x_wconf 86' lang='lat' dir='ltr'><strong>miscent</strong></span> 
     </span>
    </p>

    <p class='ocr_par' dir='ltr' id='par_1_27' title="bbox 146 2895 934 2965">
     <span class='ocr_line' id='line_1_28' title="bbox 146 2895 934 2965; baseline 0.004 -17"><span class='ocrx_word' id='word_1_159' title='bbox 146 2895 303 2963; x_wconf 81' lang='lat' dir='ltr'><strong>Aggeribus</strong></span> <span class='ocrx_word' id='word_1_160' title='bbox 321 2913 468 2962; x_wconf 85' lang='lat' dir='ltr'><strong>murorum,</strong></span> <span class='ocrx_word' id='word_1_161' title='bbox 487 2901 516 2950; x_wconf 90' lang='lat' dir='ltr'><strong>et</strong></span> <span class='ocrx_word' id='word_1_162' title='bbox 533 2897 668 2951; x_wconf 85' lang='lat' dir='ltr'><strong>inundant</strong></span> <span class='ocrx_word' id='word_1_163' title='bbox 688 2898 819 2965; x_wconf 87' lang='lat' dir='ltr'><strong>sauguine</strong></span> <span class='ocrx_word' id='word_1_164' title='bbox 837 2896 934 2951; x_wconf 80' lang='lat' dir='ltr'><strong>fossae.</strong></span> 
     </span>
    </p>

    <p class='ocr_par' dir='ltr' id='par_1_28' title="bbox 146 2971 993 3041">
     <span class='ocr_line' id='line_1_29' title="bbox 146 2971 993 3041; baseline 0.006 -16"><span class='ocrx_word' id='word_1_165' title='bbox 146 2973 256 3026; x_wconf 86' lang='lat' dir='ltr'><strong>Aeneas</strong></span> <span class='ocrx_word' id='word_1_166' title='bbox 274 2971 384 3040; x_wconf 86' lang='lat' dir='ltr'><strong>ignarus</strong></span> <span class='ocrx_word' id='word_1_167' title='bbox 401 2972 486 3026; x_wconf 83' lang='lat' dir='ltr'><strong>abest</strong></span> <span class='ocrx_word' id='word_1_168' title='bbox 524 2974 716 3041; x_wconf 87' lang='lat' dir='ltr'><strong>Numquamne</strong></span> <span class='ocrx_word' id='word_1_169' title='bbox 734 2973 819 3027; x_wconf 87' lang='lat' dir='ltr'><strong>levari</strong></span> <span class='ocrx_word' id='word_1_170' title='bbox 970 2989 993 3030; x_wconf 72' lang='lat'><strong>2⁵</strong></span> 
     </span>
    </p>

    <p class='ocr_par' dir='ltr' id='par_1_29' title="bbox 146 3047 876 3107">
     <span class='ocr_line' id='line_1_30' title="bbox 146 3047 876 3107; baseline 0.004 -5"><span class='ocrx_word' id='word_1_171' title='bbox 146 3047 297 3102; x_wconf 87' lang='lat' dir='ltr'><strong>Obsidione</strong></span> <span class='ocrx_word' id='word_1_172' title='bbox 316 3050 408 3103; x_wconf 84' lang='lat' dir='ltr'><strong>sinesl</strong></span> <span class='ocrx_word' id='word_1_173' title='bbox 426 3051 511 3103; x_wconf 89' lang='lat' dir='ltr'><strong>muris</strong></span> <span class='ocrx_word' id='word_1_174' title='bbox 529 3051 628 3104; x_wconf 89' lang='lat' dir='ltr'><strong>iterum</strong></span> <span class='ocrx_word' id='word_1_175' title='bbox 646 3051 772 3104; x_wconf 90' lang='lat' dir='ltr'><strong>imminet</strong></span> <span class='ocrx_word' id='word_1_176' title='bbox 789 3050 876 3107; x_wconf 89' lang='lat' dir='ltr'><strong>hostis</strong></span> 
     </span>
    </p>

    <p class='ocr_par' dir='ltr' id='par_1_30' title="bbox 145 3125 812 3194">
     <span class='ocr_line' id='line_1_31' title="bbox 145 3125 812 3194; baseline 0.004 -15"><span class='ocrx_word' id='word_1_177' title='bbox 145 3125 290 3180; x_wconf 87' lang='lat' dir='ltr'><strong>Nascentis</strong></span> <span class='ocrx_word' id='word_1_178' title='bbox 309 3126 412 3192; x_wconf 81' lang='lat' dir='ltr'><strong>Troiae,</strong></span> <span class='ocrx_word' id='word_1_179' title='bbox 430 3143 480 3180; x_wconf 88' lang='lat' dir='ltr'><strong>uec</strong></span> <span class='ocrx_word' id='word_1_180' title='bbox 498 3143 552 3180; x_wconf 88' lang='lat' dir='ltr'><strong>non</strong></span> <span class='ocrx_word' id='word_1_181' title='bbox 571 3127 708 3181; x_wconf 85' lang='lat' dir='ltr'><strong>exercitus</strong></span> <span class='ocrx_word' id='word_1_182' title='bbox 725 3128 812 3194; x_wconf 87' lang='lat' dir='ltr'><strong>alter;</strong></span> 
     </span>
    </p>

    <p class='ocr_par' dir='ltr' id='par_1_31' title="bbox 147 3203 933 3274">
     <span class='ocr_line' id='line_1_32' title="bbox 147 3203 933 3274; baseline 0.003 -17"><span class='ocrx_word' id='word_1_183' title='bbox 147 3206 242 3270; x_wconf 85' lang='lat' dir='ltr'><strong>Atque</strong></span> <span class='ocrx_word' id='word_1_184' title='bbox 260 3204 360 3256; x_wconf 83' lang='lat' dir='ltr'><strong>iterum</strong></span> <span class='ocrx_word' id='word_1_185' title='bbox 380 3203 407 3256; x_wconf 91' lang='lat' dir='ltr'><strong>in</strong></span> <span class='ocrx_word' id='word_1_186' title='bbox 426 3203 544 3257; x_wconf 83' lang='lat' dir='ltr'><strong>Teucros</strong></span> <span class='ocrx_word' id='word_1_187' title='bbox 563 3204 670 3258; x_wconf 89' lang='lat' dir='ltr'><strong>Aetolis</strong></span> <span class='ocrx_word' id='word_1_188' title='bbox 688 3204 777 3272; x_wconf 85' lang='lat' dir='ltr'><strong>surgit</strong></span> <span class='ocrx_word' id='word_1_189' title='bbox 794 3206 829 3259; x_wconf 88' lang='lat' dir='ltr'><strong>ab</strong></span> <span class='ocrx_word' id='word_1_190' title='bbox 849 3205 933 3274; x_wconf 84' lang='lat' dir='ltr'><strong>Arpis</strong></span> 
     </span>
    </p>
   </div>
   <div class='ocr_carea' id='block_1_6' title="bbox 0 0 1120 3556">
    <p class='ocr_par' dir='ltr' id='par_1_32' title="bbox 0 0 1120 3556">
     <span class='ocr_line' id='line_1_33' title="bbox 0 0 1120 3556; baseline 0 0"><span class='ocrx_word' id='word_1_191' title='bbox 0 0 1120 3556; x_wconf 95' lang='lat' dir='ltr'><strong> </strong></span> 
     </span>
    </p>
   </div>
  </div>
 </body>
</html>
