2234 3554
411 151 486 198 AEN
488 149 593 198 EIDOS
616 150 683 200 LIB.
706 151 755 199 IV.
960 155 1005 201 159

154 235 297 302 Karthago
309 235 357 286 aut
370 231 483 300 antiqua
495 230 585 297 Tyros,
598 229 776 302 flammaeque
787 234 910 287 furentes
970 245 1007 288 oo

153 311 278 364 Culmina
295 325 398 378 perque
416 307 555 360 hominum
573 306 716 360 volvantur
733 327 837 378 perque
855 309 976 363 deorum.

153 387 253 440 Audiit
271 385 409 452 exanimis,
429 383 593 451 trepidoque
612 386 746 439 exterrita
764 403 845 439 eursu

154 463 298 532 Unguibus
317 478 365 514 ora
383 478 459 514 soror
476 460 589 512 foedans
608 463 636 512 et
653 466 766 529 pectora
783 463 881 530 pugnis

153 539 207 593 Per
225 539 330 593 medios
348 539 411 604 ruit,
430 554 461 590 ao
479 536 641 589 morientem
660 539 766 591 nomine
784 539 895 592 elamat:

154 616 214 670 Hoc
231 615 307 682 illud,
325 631 461 682 germana,
480 613 550 666 fuiti
570 629 613 665 me
630 613 727 674 fraude
746 615 877 682 petebas?
970 628 1007 668 aas

154 693 213 746 Hoc
231 708 313 758 rogus
331 691 384 744 iste
401 690 474 756 mihi,
492 689 543 742 hoc
561 689 637 756 ignes
655 707 773 760 araeque
791 690 942 760 parabant'i

153 769 225 834 Quid
242 769 360 837 primum
379 766 491 820 deserta
509 767 624 833 querarl
642 768 805 821 comitemne
824 785 944 821 sororem

153 845 285 914 Sprevisti
304 845 436 897 moriensi
474 842 577 896 Eadem
595 859 640 896 mc
658 843 694 896 ad
712 845 769 898 iata
787 861 925 909 vocasses;

153 922 232 975 Idem
251 921 344 974 ambas
361 921 434 973 ferro
452 919 536 987 dolor,
556 923 639 987 atque
657 921 754 984 eodem
771 921 839 974 hora
855 921 971 974 tulisset.

153 997 205 1050 His
223 999 305 1052 etiam
324 999 412 1051 struxi
431 997 561 1064 manibus,
579 993 737 1066 patriosque
754 999 846 1051 vocavi
970 1012 1007 1052 aso

153 1073 227 1128 Voce
245 1075 318 1143 deos,
336 1076 373 1128 sie
390 1079 420 1128 te
437 1078 469 1126 ut
486 1074 574 1143 posita
592 1073 709 1126 crudelis
726 1075 868 1128 abesseml

154 1151 291 1204 Exstinxti
308 1157 337 1204 te
355 1169 460 1220 meque,
480 1167 563 1218 soror,
581 1150 766 1219 populumque
783 1154 930 1218 patresque

153 1227 276 1280 Sidonios
293 1228 444 1296 urbemque
462 1231 544 1280 tuam.
582 1229 654 1280 Date
671 1227 780 1280 volnera
797 1226 919 1294 lymphis,

154 1303 278 1372 Abluam,
297 1308 333 1372 et,
352 1309 490 1358 extremus
509 1305 531 1356 si
551 1303 610 1372 quis
631 1320 712 1372 sopor
730 1303 831 1356 halitus
849 1306 931 1370 errat,

154 1381 208 1434 Ore
225 1381 321 1449 legam.
357 1382 401 1435 Sic
419 1381 476 1434 fata
494 1381 595 1448 gradm
613 1383 738 1434 evaserat
755 1379 834 1445 altos,
968 1394 1006 1431 css

154 1457 398 1526 Semianimemque
418 1459 476 1510 sinu
494 1474 651 1526 germanam
669 1457 793 1524 amplexa
811 1455 922 1509 fovebat

154 1533 222 1587 Cum
239 1535 351 1602 gemitu,
370 1538 453 1601 atque
471 1539 546 1588 atros
565 1533 685 1587 siccabat·
702 1538 778 1586 veste
796 1549 914 1585 cruores.

155 1609 213 1676 llla,
230 1611 429 1678 gravis'oeulos
447 1615 544 1664 conata
562 1610 696 1676 attollere,
716 1625 810 1662 rursus

153 1685 267 1753 Deficit,
284 1687 397 1741 infixum
416 1686 510 1740 stridit
527 1687 578 1740 sub
596 1691 707 1755 pectore
725 1686 829 1739 volnus.

153 1762 206 1816 Ter
224 1779 284 1817 sese
301 1765 429 1817 attollens
448 1763 595 1831 cubitoque
613 1763 713 1816 adnixa
731 1762 845 1824 levarim
970 1773 1006 1813 oso

152 1839 205 1892 'Per
222 1840 346 1894 revoluta
363 1843 424 1894 toro
443 1845 493 1906 est,
512 1840 649 1907 oculisque
669 1838 824 1892 errantibus
842 1836 897 1890 alto

153 1915 291 1979 Quaesivit
309 1917 383 1968 eaelo
401 1917 497 1979 lucem,
516 1915 705 1982 ingemuitque
723 1917 840 1982 reperta.

186 1991 255 2044 'lum
274 1993 343 2044 luno
361 1992 539 2057 omnipotens,
557 1991 667 2056 longum
685 1991 814 2043 miserata
832 1989 953 2042 dolorem

153 2067 329 2133 Difficilisque
347 2067 446 2132 obitus,
466 2067 533 2118 Irim
553 2065 663 2117 demisit
682 2065 804 2134 Olympo,

153 2143 228 2206 Quae
240 2143 390 2195 luctantem
402 2141 520 2194 animam
532 2157 672 2209 nexosque
685 2141 835 2194 resolveret
847 2145 930 2195 artus.
968 2156 1005 2196 eso

152 2219 178 2271 N
180 2235 224 2271 am
242 2218 305 2286 quia
323 2235 373 2271 nec
389 2219 454 2286 fato,
473 2219 573 2272 merita
590 2233 640 2270 nee
658 2221 746 2271 morte
763 2218 878 2286 peribat,

153 2295 208 2348 Sed
225 2295 325 2348 misera
343 2297 407 2348 ante
425 2296 505 2361 diem,
524 2295 671 2363 subitoque
690 2311 802 2348 accensa
819 2295 918 2364 furore,

153 2371 281 2424 Nondum
299 2371 337 2424 illi
355 2371 453 2425 flavum
473 2373 635 2441 Proserpina
652 2372 754 2425 vertice
772 2372 872 2426 crinem

154 2447 324 2516 Abstulerat,
343 2449 491 2518 Stygioque
509 2451 591 2517 caput
609 2448 787 2502 damnaverat
805 2449 883 2502 Oreo.

154 2524 226 2592 Ergo
245 2525 298 2578 Iris
317 2527 418 2579 croceis
435 2543 485 2594 per
502 2525 606 2578 eaelum
625 2524 732 2578 roscida
749 2526 856 2594 pennis,
969 2540 1006 2579 mo

153 2601 229 2654 Mille
247 2602 357 2655 trahens
375 2603 463 2654 varios
481 2602 597 2655 adverso
616 2602 672 2655 sole
690 2602 804 2667 colores,

153 2677 275 2745 Devolat,
294 2682 323 2730 et
339 2694 422 2745 supra
440 2681 522 2746 eaput
540 2678 662 2732 adstitit:
684 2678 765 2730 Hunc
783 2694 833 2744 ego
853 2677 911 2729 Diti

153 2751 266 2806 Sacrum
283 2754 356 2806 iussa
373 2755 439 2822 lero,
458 2758 541 2823 teque
559 2754 614 2808 isto
631 2770 745 2822 corpore
764 2754 844 2806 solvo.

153 2828 197 2882 Sic
214 2829 259 2896 ait,
278 2833 307 2882 et
325 2828 425 2882 dextra
442 2831 544 2884 crinem
562 2834 649 2885 secat:
668 2830 754 2882 omnis
773 2833 802 2882 et
819 2845 872 2882 una

153 2904 280 2973 Dilapsus
299 2905 378 2972 calor,
397 2909 480 2975 atque
498 2907 527 2959 in
545 2911 641 2960 ventos
659 2905 716 2958 vita
733 2905 854 2958 reeessit.
969 2919 1005 2960 70⁶
