2232 3556
123 140 169 188 268
357 141 386 190 P.
405 138 560 186 VERGILI
577 137 751 186 MARONIS'

122 217 247 285 Tydides.
285 218 420 288 Equidem
439 217 529 283 oredo,
548 233 609 270 mea
627 218 737 272 volnera
754 218 866 279 restant,

122 293 159 348 Et
178 297 227 348 tua
244 296 389 364 progenies
407 293 534 347 mortalia
552 293 679 346 demoror
697 299 788 348 arma!

124 369 152 423 Si
171 370 229 424 sine
246 388 314 440 paee
332 376 381 426 tua
398 375 482 440 atque
501 369 587 441 invito
605 371 717 424 numine
736 372 820 424 Troes

123 445 233 500 Italiam
251 448 374 516 petiere:
393 448 471 500 luant
489 450 608 514 peecata,
627 463 716 514 neque
734 447 795 499 illos

123 521 230 576 Iuveris
248 525 363 577 auxilio:
384 524 425 576 sin
443 527 486 576 tot
504 539 633 590 responsa
652 523 746 590 secuti,

124 597 199 662 Quae
212 599 309 668 Superi
322 601 473 666 Manesque
486 598 589 652 dabant
600 619 606 652 z
619 615 667 652 our
683 615 754 652 nune
766 602 815 651 tua
827 597 973 665 quisquam

123 675 242 730 Vertere
259 677 333 730 iussa
351 677 462 745 potestl
481 678 529 728 aut
547 691 596 728 cur
613 674 817 728 novaeondere
834 673 912 725 fatal
948 685 973 724 aa

123 750 195 814 Quid
214 755 337 820 repetam
356 755 468 806 exustas
487 751 601 818 Erycino
619 751 647 803 in
665 751 746 806 litore
764 748 876 803 elassisl

123 826 196 890 Quid
215 830 412 896 tempestatum
430 843 532 894 regem,
551 831 700 896 ventosque
717 825 833 880 furentis

123 901 221 956 Aeolia
239 903 361 958 excitos?
380 907 429 956 aut
446 906 534 956 actam
553 901 671 955 nubibus
690 903 778 956 Irimi

122 977 147 1030 N
150 995 201 1032 une
220 979 303 1032 etiam
323 979 516 1033 Manis-haee
533 979 698 1046 intemptata
715 977 843 1031 manebat

122 1053 186 1106 Sors
204 1059 431 1122 rerum—movet,
451 1059 480 1108 et
498 1055 603 1122 superis
621 1055 734 1107 inmissa
750 1056 865 1121 repente
948 1065 973 1101 so

123 1130 238 1200 Allecto,
257 1132 362 1186 medias
381 1132 482 1185 Italum
501 1130 633 1185 baeehata
649 1147 699 1198 per
716 1129 806 1183 urbes.

122 1205 168 1259 Nil
187 1224 270 1275 super
287 1209 392 1277 inperio
410 1224 536 1270 move0r;
555 1207 722 1274 speravimus
740 1205 802 1272 ista,

122 1280 195 1336 Dum
212 1283 323 1338 fortuna
340 1285 410 1348 fuit3
427 1283 544 1348 vineant,
562 1299 631 1350 quos
648 1283 756 1336 vincere
773 1282 865 1334 mavis.

122 1356 151 1410 Si
168 1359 243 1412 nulla
261 1363 305 1412 est
321 1360 406 1428 regio,
425 1359 535 1412 Teucris
554 1375 636 1426 quam
655 1358 703 1412 det
720 1362 769 1411 tua
785 1357 902 1410 coniunx

122 1431 205 1501 Dura,
223 1452 273 1503 per
291 1452 409 1503 eversae,
428 1435 543 1502 genitor,
561 1435 694 1488 fumantia
713 1435 808 1488 Troiae
947 1446 973 1484 ss

122 1510 251 1564 Exseidia
269 1511 410 1565 obtestor:
428 1511 509 1565 lieeat
527 1511 668 1566 dimittere
686 1511 721 1564 ab
739 1511 821 1564 armis

122 1585 288 1640 Incolumern
307 1588 464 1655 Ascanium,
481 1588 562 1642 liceat
580 1604 723 1656 superesse
741 1589 876 1655 nepotem.

122 1664 231 1716 Aeneas
250 1680 314 1717 sane
332 1663 434 1730 ignotis
451 1665 570 1718 iactetur
587 1664 615 1716 in
633 1663 723 1732 undis,

122 1738 165 1806 Et,
184 1755 371 1808 quaecumque
389 1740 461 1792 viam
479 1739 588 1794 dederit
607 1740 737 1806 Fortuna,
757 1742 904 1807 sequatur:

123 1815 204 1869 Hunc
222 1819 318 1884 tegere
336 1821 365 1870 et
384 1815 460 1870 dirae
478 1817 583 1869 valeam
602 1816 755 1869 subducere
773 1830 888 1883 pugnae.
945 1829 971 1865 so

122 1891 172 1946 ast
191 1893 335 1958 Amathus,
354 1897 397 1948 est
415 1893 487 1947 celsa
504 1893 570 1945 mihi
590 1892 700 1960 Paphus
717 1895 801 1960 atque
820 1890 945 1958 Cythera,

122 1967 282 2038 Idaliaeque
301 1971 413 2024 domus:
432 1969 530 2038 positis
547 1969 678 2036 inglorius
696 1969 779 2022 armis

122 2043 223 2113 Erigat
240 2046 284 2100 hie
302 2063 407 2100 aevum.
445 2045 547 2113 Magna
565 2044 671 2098 dicione
689 2044 783 2097 iubeto

122 2119 266 2190 Karthago
284 2125 393 2190 premat
412 2122 580 2185 Ausonian1;
598 2121 664 2173 nihil
683 2120 796 2174 urbibus
813 2117 878 2173 indo

122 2199 251 2253 Obstabit
270 2199 364 2267 Tyriis.
401 2197 474 2262 Quid
491 2201 598 2265 pestem
616 2196 734 2250 evadere
751 2195 816 2248 belli
948 2209 961 2246 s

122 2275 196 2330 Iuvit
215 2279 244 2329 et
264 2275 405 2342 Argolicos
423 2274 543 2326 medium
562 2273 664 2341 fugisse
681 2290 731 2340 per
748 2271 826 2340 ignis,

121 2351 227 2419 Totque
245 2351 329 2403 maris
346 2353 494 2418 vastaeque
513 2348 647 2402 exhausta
664 2349 785 2417 pericula
803 2351 901 2412 terrae,

122 2426 323 2489 Dum2Latium
342 2425 438 2478 Teucri
456 2424 632 2494 recidivaque
652 2425 786 2492 Pergama
803 2423 958 2492 quaeruntl

121 2502 183 2555 Non
201 2501 294 2568 satius,
312 2501 417 2554 eineres
435 2501 540 2568 patriae
558 2501 691 2556 insedisse
709 2516 849 2570 supremos

122 2580 217 2646 Atque
230 2577 324 2644 solum,
339 2593 392 2644 quo
406 2577 486 2629 Troia
497 2576 569 2630 fuiti
582 2577 724 2630 Xanthum
737 2582 765 2630 et
781 2577 920 2630 Simoenta
945 2589 971 2626 oo

122 2654 227 2722 Redde,
245 2670 300 2721 ore,
319 2652 433 2720 miseris,
451 2654 607 2721 iterumque
624 2653 763 2708 revolvere
780 2668 858 2706 casus

122 2731 171 2797 Da,
188 2734 275 2800 pater,
295 2729 393 2784 Iliacos
411 2729 529 2784 Teucris.
567 2730 635 2782 Tum
653 2747 731 2797 regia
749 2730 819 2782 luno

122 2811 194 2861 Aeta
211 2807 304 2860 furore
321 2805 413 2874 gravi:
433 2805 505 2870 Quid
524 2823 568 2859 me
585 2805 642 2858 alta
660 2805 768 2858 silentia
785 2804 858 2872 cogis

121 2882 261 2952 Rumpere
279 2886 308 2936 et
325 2882 475 2936 obductum
492 2881 584 2935 verbis
598 2881 707 2949 volgare
726 2881 864 2935 doloreml

124 2961 235 3012 Aenean
252 2958 391 3012 hominum
409 2958 552 3026 quisquam
572 2957 718 3024 divomque
736 2957 844 3025 subegit
946 2969 969 3008 ot

124 3035 199 3087 Rella
217 3035 301 3102 sequi,
321 3037 370 3089 aut
388 3033 495 3086 hostem
513 3034 572 3100 regi
591 3050 620 3086 se
637 3033 740 3086 inferre
759 3032 877 3086 Latino?

124 3111 230 3162 ltaliam
250 3111 331 3177 petiit
348 3110 413 3162 fatis
431 3109 607 3173 auctoribus;
625 3111 700 3173 esto:

123 3184 292 3240 Cassandrae
310 3185 432 3252 inpulsus
450 3184 542 3236 furiis:
559 3201 624 3236 num
642 3183 767 3252 linquere
785 3189 874 3238 casim
