2242 3550
421 141 611 189 BUCOLIOA.
641 141 718 191 EOL.
738 141 775 189 11.
1017 143 1031 188 3

176 223 242 276 Pars
261 221 398 288 Scythiam
417 224 446 274 et
463 220 590 288 rapidum
609 221 709 276 Cretae
727 222 867 277 veniemus
885 221 988 290 Oaxen,

175 300 209 352 hc
228 298 336 367 penitus
354 301 413 351 toto
432 298 532 351 divisos
550 299 617 352 orbo
636 299 791 353 Britannos.

176 377 215 428 En
233 390 363 442 umquam
382 375 484 442 patrios
502 374 582 441 longo
600 378 662 442 post
680 379 805 441 tempore
823 375 892 442 finis,

174 451 306 519 Pauperis
324 454 354 503 et
372 450 465 518 tuguri
483 455 642 518 congestum
660 453 780 519 caespite
798 451 913 518 culmen,

174 529 241 581 Post
258 527 369 596 aliquot,
388 543 449 580 mea
466 543 550 594 regna
569 525 671 594 videns,
690 527 811 581 mirabor
828 528 947 583 aristosi
1005 543 1031 584 ro

175 605 278 673 Impius
296 604 363 658 haee
381 607 439 657 tam
457 604 531 656 culta
548 603 655 656 novalia
672 604 751 657 miles
770 603 904 659 habebiti

175 681 311 750 barbarus
329 681 377 734 has
396 682 523 748 segetosl
542 697 583 747 en,
602 697 656 748 quo
675 680 812 734 discordia
830 681 894 735 civis

176 759 307 830 Prodnyit
324 757 453 811 miseros!
473 774 514 825 en,
532 757 593 825 quis
611 757 780 811 consevimus
798 761 895 825 agros!

175 835 267 888 lnsere
284 851 362 900 nnnc,
382 834 523 900 Meliboee,
541 834 623 902 piros,
641 850 712 902 pone
730 833 825 886 ordine
844 834 915 888 vitis.

174 911 217 964 lte
235 927 318 978 meae,
336 910 401 963 felix
420 910 556 978 qnondam
575 926 664 978 pecus,
683 911 722 964 ite
740 910 867 978 capellae.
1003 923 1028 965 rs

171 985 233 1039 Non
251 1003 302 1054 ego
320 1003 367 1039 ros
385 986 505 1054 posthac,
524 986 604 1039 viridi
622 987 760 1054 proiectus
778 987 806 1039 in
824 991 912 1054 antro,

172 1061 292 1116 Dumosa
309 1063 429 1131 pendere
446 1063 540 1131 procul
559 1063 594 1116 de
612 1079 680 1131 rape
699 1063 815 1128 m'dcbo;

171 1139 297 1192 (lannina
314 1140 387 1192 nulla
404 1157 512 1204 canam;
531 1157 591 1207 non,
609 1157 653 1192 me
671 1145 807 1207 pascente,
825 1139 953 1207 capellae,

174 1215 326 1269 l'lorentem
344 1217 459 1284 cytisum
477 1221 505 1270 et
523 1217 617 1270 salices
635 1215 753 1284 carpetis
772 1231 883 1268 amaras.

176 1290 203 1344 T.
222 1291 276 1344 Hie
287 1296 378 1345 tamen
391 1293 460 1345 hanc
472 1310 577 1346 mecum
590 1297 699 1362 poteras
711 1293 884 1360 requiescere
896 1295 1005 1346 noctem

172 1367 280 1420 Fronde
298 1385 381 1436 super
398 1369 495 1422 viridi:
519 1374 582 1423 sant
594 1369 672 1422 nobis
690 1369 768 1422 mitia
785 1385 873 1438 poma,
1001 1384 1026 1420 sa

171 1443 320 1498 Castaneas
338 1445 440 1512 molles,
459 1449 487 1498 et
504 1445 591 1513 pressi
609 1445 686 1514 eopia
703 1445 798 1510 lactis;

171 1520 205 1574 Et
230 1521 284 1574 iam
302 1537 407 1574 summa
424 1522 516 1588 procul
535 1522 658 1574 villarum
676 1522 793 1575 culmina
810 1521 923 1587 sarciant,

169 1597 342 1667 Maioresque
360 1597 461 1652 cadunt
479 1599 542 1652 altis
560 1599 595 1651 de
613 1599 751 1652 montibus
768 1597 888 1650 umbrae

472 1827 659 1887 ECLOGA
691 1827 735 1884 II.

521 1956 663 2004 ALEXIS.

169 2057 328 2110 Foanosun
347 2061 441 2126 pastor
459 2058 584 2128 Corydon
602 2059 717 2112 ardebat
736 2060 853 2127 Alexim,

171 2133 285 2186 llclicias
304 2134 413 2199 domini,
432 2151 489 2201 nec,
509 2135 577 2203 quid
595 2140 725 2203 speraret,
744 2136 870 2191 habebat.

169 2211 284 2264 'lantum
302 2211 375 2264 inter
393 2210 498 2274 densas,
516 2211 644 2264 umbrosa
662 2212 807 2280 eacumina,
825 2213 902 2281 fagos

170 2286 293 2340 Adsidue
311 2286 446 2340 veniebat
485 2286 528 2339 Ibi
547 2287 613 2340 haec
631 2288 769 2341 incondita
787 2290 859 2343 solus

166 2361 307 2416 Montibus
325 2367 354 2416 et
372 2363 445 2416 silvis
464 2364 555 2417 studio
574 2364 693 2417 iactabat
712 2365 800 2418 inani:
1009 2381 1021 2421 ⁵

201 2439 223 2492 0
243 2439 361 2493 crudelis
381 2440 470 2506 Alexi,
488 2439 554 2492 nihil
573 2457 634 2494 mea
651 2442 771 2495 carmina
789 2445 887 2496 eurasl

166 2515 190 2568 N
193 2517 211 2568 il
230 2516 317 2569 nostri
334 2517 483 2569 misererol
503 2517 572 2569 mmi
590 2533 634 2570 me
653 2517 771 2586 denique
791 2535 879 2586 coges.

166 2592 245 2645 Nune
263 2594 346 2646 etiam
363 2593 483 2660 pecudes
500 2593 611 2645 umbras
630 2597 658 2646 et
675 2594 777 2661 frigora
795 2598 923 2662 captant;

166 2668 243 2722 hlnne
261 2669 356 2722 viridis
374 2669 456 2722 etiam
474 2670 611 2722 occultant
629 2670 735 2738 spineta
752 2671 876 2736 lacertos,

164 2745 299 2814 Thestylis
318 2749 346 2800 et
364 2745 459 2813 rapido
477 2745 555 2798 fessis
573 2746 738 2800 messoribus
757 2751 835 2801 aestu
997 2761 1021 2800 ιο

165 2822 238 2876 Allia
256 2822 457 2890 serpyllumque
475 2821 575 2875 herbas
593 2823 736 2877 contundit
755 2824 860 2876 olentis.

164 2900 204 2951 At
222 2915 329 2954 meeum
347 2899 442 2964 raucis,
456 2903 505 2951 tua
523 2898 589 2951 dum
607 2900 723 2966 vestigia
741 2900 835 2966 lustro,

163 2975 226 3028 sole
245 2975 295 3028 sub
313 2974 421 3028 ardenti
440 2979 569 3028 resonant
586 2976 699 3028 arbusta
717 2975 823 3028 cicadis.

164 3051 261 3104 Nonne
278 3051 331 3104 fuit
349 3052 435 3104 satius
452 3051 540 3104 tristis
561 3051 736 3119 Amaryllidis
754 3051 808 3104 iras

164 3127 258 3194 Atque
276 3127 394 3195 superba
411 3128 470 3195 pati
487 3127 615 3180 fastidia?
633 3143 723 3179 nonne
742 3127 894 3196 Menalcan,
995 3141 1019 3181 ιε

164 3203 293 3267 Quamvis
310 3204 355 3255 ille
374 3204 459 3270 niger,
478 3205 600 3269 quamvis
619 3215 650 3256 tu
668 3202 800 3256 candidus
818 3206 913 3258 essesi
