2234 3554
410 145 591 193 AENEIDOS
611 144 680 196 LIB.
700 144 734 195 V.
926 145 970 198 177

120 227 251 292 Ducebat,
270 227 307 280 sic
325 241 388 280 acor
406 241 475 293 equo
493 224 605 278 turbata
621 225 719 293 petivit

118 303 224 367 Castra,
241 319 290 355 nec
309 301 447 355 exanimos
465 305 579 369 possunt
598 303 719 356 retinere
737 303 868 372 magistri

118 380 184 443 Quis
196 379 273 432 furor
285 380 338 432 iste
350 380 452 432 novusl
468 395 522 446 quo
534 395 612 444 nunc,
626 396 681 447 quo
693 381 815 448 tenditis,
826 381 924 451 inquit,
935 395 971 438 rto

119 456 182 509 Heu
201 456 317 510 miserae
335 456 423 509 civesl
445 472 499 508 non
517 455 625 509 hostem
643 457 805 526 inimicaque
823 461 914 512 castra

117 533 257 601 Argivom,
276 536 382 586 vestras
401 549 462 600 spos
480 533 566 585 uritis.
602 533 651 600 En,
669 551 720 602 ego
739 538 831 588 vester

119 611 252 664 Ascanius
261 609 409 677 !—galeam
427 611 492 662 ante
509 609 595 678 pedes
612 611 729 678 proiecit
746 611 863 681 inanem,

117 687 178 752 Qua
195 685 261 740 ludo
277 685 391 738 indutus
408 684 473 738 belli
492 686 636 740 simulacra
653 687 751 742 ciebat.

117 763 268 818 Adcelerat
285 761 365 815 simul
386 763 501 826 Aeneas,
519 763 599 815 simul
617 764 727 831 agmina
745 765 886 820 Teucrum.
934 781 971 822 ert

117 842 172 895 Ast
189 839 252 894 illae
270 838 379 892 diversa
397 842 473 891 metu
491 855 541 906 per
558 838 640 892 litora
657 841 758 908 passim

117 917 276 985 Diffugiunt,
294 915 430 983 silvasque
448 919 477 968 et
494 915 581 968 sicubi
598 932 716 972 concava
732 917 827 972 furtim

116 995 187 1049 Saxa
203 995 317 1063 petunt;
338 991 415 1060 piget
432 992 534 1060 incepti
552 993 682 1062 lucisque,
701 1011 819 1064 suosque

115 1070 241 1124 Mutatae
259 1069 436 1137 adgnoscunt,
455 1085 623 1137 excussaque
641 1075 753 1139 pectore
772 1072 842 1126 lunc
859 1076 909 1127 est

115 1147 170 1202 Sed
187 1163 242 1200 non
260 1145 362 1200 idcirco
379 1145 505 1198 flammae
523 1150 608 1214 atque
625 1148 752 1201 incendia
769 1149 835 1202 viris
932 1164 969 1203 ceo

116 1223 269 1277 Indomitos
286 1239 418 1292 posuere;
439 1223 495 1276 udo
513 1222 564 1275 sub
582 1223 681 1277 robore
700 1225 767 1278 vivit

115 1293 221 1363 Stuppa
238 1310 349 1346 vomens
366 1293 477 1347 tardum
496 1293 608 1359 fumum,
627 1294 772 1362 lentusque
789 1295 894 1350 carinas

114 1370 165 1424 Est
181 1387 272 1440 vapor,
291 1374 321 1424 et
338 1373 398 1424 toto
417 1369 561 1423 descendit
579 1387 693 1439 corpore
711 1371 804 1440 postis,

114 1447 140 1500 N
142 1464 172 1501 cc
190 1447 262 1500 vires
279 1446 391 1500 heroum
409 1446 552 1514 infusaque
570 1447 681 1500 flumina
698 1461 819 1517 prosunt.

114 1523 182 1577 Tum
199 1523 261 1592 pius
280 1526 389 1577 Aeneas
408 1523 528 1576 humeris
547 1523 706 1578 abscindere
724 1529 837 1594 vestem,
930 1541 967 1580 css

114 1600 281 1668 Auxilioque
298 1616 394 1654 vocare
413 1599 487 1668 deos,
506 1603 535 1653 et
553 1601 669 1654 tendere
687 1601 804 1670 palmas:

115 1677 241 1746 luppiter
258 1677 435 1746 omnipotens,
454 1677 476 1730 si
494 1677 615 1730 nondum
634 1695 732 1732 exosus
750 1679 786 1733 ad
804 1695 889 1733 unum

113 1754 248 1819 Troianos,
267 1753 289 1807 si
308 1753 375 1821 quid
393 1754 482 1822 pietas
500 1754 612 1822 antiqua
630 1754 737 1808 labores

114 1830 236 1900 Respicit
254 1830 393 1895 humanos,
413 1829 448 1882 da
465 1829 602 1882 flamniam
620 1830 737 1884 evadere
755 1831 833 1886 classi

113 1907 200 1973 Nunc,
220 1907 312 1972 Pater,
330 1910 360 1959 et
377 1906 468 1958 tenuis
488 1905 621 1958 Teucrum
639 1922 684 1958 res
702 1907 779 1974 eripe
797 1908 859 1962 loto.
930 1923 966 1962 oeo

115 1984 166 2037 Vel
183 1988 223 2050 tu,
242 1982 316 2050 quod
334 1985 467 2049 superest,
485 1981 584 2033 infesto
600 1980 713 2034 fulmine
731 1984 820 2050 morti,

112 2059 141 2113 si
159 2075 274 2125 mereor,
293 2057 417 2123 demitte,
435 2061 538 2124 tuaque
556 2056 600 2108 bic
618 2055 703 2109 obrue
721 2057 827 2111 dextra

114 2136 168 2188 Vix
185 2135 253 2188 haec
271 2133 405 2199 ediderat,
423 2149 483 2186 cunr
502 2132 593 2185 effusis
611 2131 745 2186 imbribus
763 2137 824 2187 atra

113 2213 272 2280 Tempestas
290 2211 347 2263 sine
364 2226 439 2262 more
458 2208 532 2275 furit,
552 2209 713 2277 tonitruque
731 2213 899 2266 tremescunt

114 2289 211 2343 Ardua
228 2293 363 2343 terrarum
382 2291 411 2340 et
429 2285 533 2355 campi;
553 2287 609 2340 ruit
626 2286 740 2340 aethere
757 2291 817 2341 toto
929 2307 965 2345 ess

112 2365 249 2420 Turbidus
267 2365 355 2419 imber
372 2381 445 2434 aqua
463 2363 611 2433 densisque
629 2365 793 2432 nigerrimus
810 2368 926 2434 austris;

113 2443 311 2512 Inplenturque
329 2458 412 2511 super
428 2459 549 2512 puppes;
569 2442 701 2496 semiusta
718 2442 878 2498 madescunt

113 2519 236 2586 ltobora3
258 2521 408 2574 restinctus
426 2519 514 2574 donec
531 2536 616 2588 vapor
634 2521 728 2588 omnis,
746 2525 775 2576 et
793 2537 894 2589 omnes,

112 2595 248 2660 Quattuor
266 2597 379 2663 amissis,
398 2601 522 2650 servatae
541 2602 652 2666 aposto
670 2598 784 2653 carinae.

146 2676 187 2728 At
204 2677 284 2743 pater
303 2676 419 2740 Aeneas,
438 2691 503 2727 casu
520 2691 666 2729 concussus
684 2676 788 2736 acerbo,
929 2689 965 2729 roo

111 2751 136 2806 N
138 2767 191 2805 unc
208 2751 261 2805 huc
278 2751 405 2820 ingentis,
424 2767 495 2804 nunc
512 2751 577 2806 illuc
595 2756 706 2822 pectore
725 2769 803 2806 curas

110 2827 240 2882 Mutabat
257 2845 376 2895 versans,
396 2828 528 2882 Siculisne
547 2830 681 2884 resideret
699 2830 778 2897 arvis,

110 2903 221 2959 Oblitus
239 2906 365 2974 latorum,
385 2905 506 2959 Italasne
525 2910 680 2975 capesseret
698 2923 766 2959 oras.

110 2981 179 3036 Tum
198 2984 286 3037 senior
307 2983 420 3050 Nautes,
436 3000 521 3036 uuum
540 2983 663 3037 Tritonia
683 2983 772 3036 Pallas

110 3059 198 3124 Quem
217 3061 309 3115 docuit
327 3061 469 3130 multaque
488 3061 621 3127 insignem
639 3057 763 3113 reddidit
780 3062 876 3112 arte—
927 3069 964 3114 roe

110 3136 189 3192 Haec
207 3155 337 3208 responsa
355 3137 447 3205 dabat,
465 3137 508 3191 vel
527 3153 597 3206 quae
615 3135 794 3205 portenderet
811 3135 853 3188 ira

110 3212 214 3283 Magna
231 3215 322 3282 deum,
340 3213 383 3268 vel
402 3228 474 3284 quae
490 3213 610 3267 latorum
628 3215 754 3282 posceret
771 3211 873 3266 orde-
