2242 3550
422 142 630 191 GEORGICON
648 141 718 191 LIB.
739 143 761 193 1.
990 143 1021 186 33

164 226 252 292 Quam
271 225 366 280 Cereri
385 227 459 278 torta
476 223 620 276 redimitus
638 225 762 292 tempora
781 237 883 291 quercu

163 303 219 356 bet
237 306 327 355 motus
345 301 526 370 inconpositos
546 305 575 354 et
594 302 713 354 carmina
731 300 811 353 dicat.
986 311 1023 350 sse

198 383 293 448 Atque
312 379 378 432 haec
396 383 428 431 ut
446 379 527 432 certis
545 395 686 447 possemus
705 378 810 431 discere
830 377 918 444 signis,

162 457 328 523 Aestusqnc,
348 456 516 524 pluviasque,
538 460 568 508 et
586 455 692 522 agentis
710 454 812 522 frigora
829 457 932 522 rentes,

162 533 227 602 Ipse
248 533 331 586 Pater
350 533 454 595 statuit,
476 532 542 600 qnid
560 537 702 584 menstrua
721 531 797 584 Luna
814 535 953 596 moneret;

161 610 221 676 Quo
240 611 316 677 signo
336 609 465 662 caderent
485 609 584 672 austri;
611 607 676 676 quid
696 625 776 676 saepe
795 609 919 662 ridentes

161 687 307 754 Agricolae
326 688 437 755 propius
459 685 573 739 stabulis
592 689 715 738 armenta
734 691 868 740 tenerent.
986 700 1022 740 sss

161 764 303 828 Continuo,
322 764 410 816 ventis
430 762 611 830 surgentibus,
631 767 679 814 aut
696 761 768 815 freta
786 765 861 832 [enti

162 840 299 908 Incipiunt
319 841 423 907 agitata
442 843 594 892 tumescere
614 842 642 892 et
661 839 753 892 aridus
772 841 833 892 altis

161 917 303 971 Montibus
324 916 412 969 audiri
432 915 531 983 fragor,
551 919 599 968 ant
617 917 773 970 resonantia
791 917 871 984 longe

161 993 256 1046 litora
275 993 381 1046 misceri
403 997 432 1045 et
448 1009 591 1044 ncmomm
609 992 797 1046 increbescere
814 1010 944 1046 murmur.

162 1070 221 1124 Iam
242 1069 291 1123 sibi
311 1074 370 1124 tnrn
391 1070 479 1122 curris
498 1069 568 1122 male
587 1073 724 1137 temperat
741 1070 816 1122 unda
833 1071 937 1138 carinis,
984 1083 1021 1122 sao

162 1147 229 1201 Cum
249 1147 339 1200 medio
359 1146 462 1199 celeres
481 1145 604 1198 revolant
622 1163 656 1198 cx
675 1163 795 1214 aequore
813 1147 905 1216 mergi¹

162 1224 370 1292 Clarnoremque
388 1223 480 1276 ierunt
499 1221 535 1274 ad
554 1222 642 1288 litora,
662 1239 779 1290 cumque
796 1223 916 1276 marinae

164 1301 197 1355 ln
215 1301 283 1352 sicco
303 1299 402 1352 ludunt
420 1299 524 1365 fulicae,
543 1301 676 1366 notasque
694 1299 801 1367 paludis

162 1377 271 1430 Deserit
290 1381 374 1444 atquc
392 1376 476 1428 altam
495 1391 577 1442 snpra
595 1375 668 1428 volat
687 1375 770 1428 ardea
788 1376 894 1429 nubens.

162 1454 248 1521 Saepe
269 1454 350 1506 ctiam
370 1451 470 1518 stellas,
490 1455 571 1504 vento
590 1452 764 1520 inpendente,
783 1452 887 1506 videbis
983 1467 1019 1506 sss

164 1530 321 1598 Praecipitis
343 1529 417 1584 caelo
436 1527 498 1595 labi,
517 1529 658 1596 noctisque
677 1545 726 1596 per
744 1529 868 1583 rmrbram

165 1607 346 1660 Flammarum
366 1604 461 1672 longos
483 1609 595 1672 atcrgo
614 1605 752 1660 albescere
770 1609 888 1670 tractum

162 1683 249 1752 Saepe
269 1682 355 1734 levem
375 1681 480 1750 paleam
499 1685 528 1734 et
546 1681 656 1735 frondes
675 1683 788 1736 volitare
806 1682 927 1749 caducus,

164 1763 222 1812 Aut
240 1775 345 1812 summa
364 1758 453 1810 nantis
471 1758 499 1810 in
519 1775 589 1826 aqua
607 1759 744 1812 colludere
761 1759 873 1828 plumas.

163 1838 203 1889 At
223 1836 327 1888 Boreae
346 1835 381 1887 de
399 1839 478 1902 parte
497 1835 580 1888 trucis
599 1853 659 1888 cmn
677 1836 810 1902 fulminat,
828 1840 857 1889 et
874 1853 935 1890 cnm
981 1851 1018 1892 sto

162 1911 281 1979 Eurique
301 1910 471 1980 Zephyrique
491 1915 568 1964 tonat
588 1911 696 1964 domus:
721 1913 810 1968 omnia
827 1913 914 1981 plenis

162 1987 238 2040 Rura
255 1991 351 2040 natant
369 1988 455 2054 fossis,
476 1991 558 2055 atque
577 1988 662 2040 omnis
680 1991 771 2042 navita
788 1993 872 2058 ponto

162 2063 284 2116 Humida
303 2063 362 2117 vela
379 2063 452 2131 legit.
493 2063 648 2131 Numquam
667 2065 875 2133 inprudentibus
891 2064 979 2118 imber

161 2139 271 2194 Obiuit:
295 2145 343 2193 aut
360 2141 435 2192 illum
456 2145 613 2207 surgentem
632 2141 746 2194 vallibus
763 2142 823 2194 imis

164 2217 261 2270 neriae
279 2217 374 2284 fugere
393 2233 482 2284 graec,
502 2221 549 2268 aut
568 2216 665 2270 bncnla
684 2218 787 2270 caelum
981 2231 1017 2271 ars

160 2294 313 2361 Suspiciens
332 2293 431 2362 patulis
452 2293 571 2361 captavit
590 2294 699 2346 naribus
718 2311 804 2362 auras,

163 2373 220 2422 Aut
238 2375 335 2438 arguta
352 2369 425 2422 lacus
446 2370 670 2423 circumvolitavit
688 2370 811 2436 hirundo,

163 2447 197 2499 llt
215 2451 336 2500 veterem
354 2447 382 2500 in
401 2447 464 2500 limo
484 2464 566 2500 ranae
584 2447 706 2502 cecinere
724 2449 869 2515 querclam.

160 2523 273 2591 Saepius
290 2527 319 2576 ct
337 2525 417 2576 tectis
436 2523 622 2592 penetralibus
640 2525 740 2578 extistit
758 2541 808 2578 ova

161 2600 316 2666 Angustum
335 2601 447 2653 formica
467 2605 560 2653 terens
579 2602 639 2670 iter,
659 2606 687 2654 ct
705 2601 775 2655 bibit
792 2603 887 2669 ingens
980 2614 1016 2654 sse

161 2677 257 2741 Arcus,
275 2683 304 2730 ct
322 2695 337 2730 e
356 2685 437 2746 pastu
458 2677 593 2730 decedens
612 2679 718 2746 agruim
736 2695 834 2746 magno

160 2753 309 2807 Corvornm
326 2755 462 2822 increpuit
481 2754 571 2807 densis
590 2755 725 2807 exercitus
743 2755 798 2807 alis.

161 2829 220 2881 lam
238 2831 326 2884 varias
343 2831 431 2901 pelagi
452 2832 580 2900 volucres,
600 2837 629 2885 et
648 2849 718 2900 qnae
739 2832 805 2884 Asia
822 2831 921 2883 circum

159 2905 291 2966 Dulcibus
309 2909 336 2960 in
356 2910 458 2976 stagnis
479 2911 611 2964 rimantur
629 2913 709 2980 prata
728 2908 841 2976 Caystri,

160 2981 293 3038 Certatim
311 2986 401 3055 largos
419 2985 539 3041 humeris
557 2986 699 3040 infundere
717 3000 800 3050 rores,
976 2997 1013 3037 sss

159 3057 238 3114 llnnc
256 3069 338 3133 caput
358 3063 494 3118 obiectare
512 3064 597 3130 fretis,
616 3079 687 3116 nnnc
705 3077 814 3115 cmrere
831 3060 857 3111 in
876 3058 971 3126 undas,

159 3135 195 3189 Et
214 3141 304 3195 studio
323 3142 457 3194 incassum
476 3140 569 3194 videas
586 3140 689 3208 gestire
706 3138 821 3192 lavandi.

159 3214 228 3270 rum
247 3219 339 3272 cornix
357 3218 439 3286 plena
456 3215 574 3284 pluriam
591 3217 671 3269 vocet
687 3214 801 3283 inproba
819 3231 883 3268 voce
