2242 3550
345 579 374 630 P.
394 581 547 630 VERGILI
564 581 730 632 MARONIS

307 744 765 822 GEORGICON

357 942 482 1002 LIBER
507 944 712 999 SECUNDUS.

483 1127 582 1156 ...4-

111 1264 261 1320 Hnornnus
280 1284 405 1321 arvorum
424 1269 512 1322 cultus
531 1275 559 1324 ct
577 1270 667 1325 sidem
684 1272 759 1340 caeli,

109 1341 186 1395 Nunc
204 1347 240 1409 te,
260 1342 374 1408 Baccho,
394 1360 496 1409 canam,
515 1363 635 1399 necnon
654 1349 789 1401 silvestria
805 1353 897 1404 teeum

110 1413 234 1486 Virgulta
252 1422 281 1471 ct
298 1418 402 1486 prolem
421 1420 501 1474 tardo
519 1425 666 1477 crescentis
685 1424 776 1478 olivae.

109 1496 176 1562 Huc,
194 1500 275 1564 pater
293 1512 308 1547 o
328 1495 451 1561 Lenacc;
469 1498 523 1550 tuis
541 1497 584 1552 hie
602 1501 691 1552 omnia
708 1501 789 1568 plena

109 1571 272 1639 Muneribus,
291 1572 341 1625 tibi
361 1574 505 1640 pampineo
523 1575 651 1642 gravidus
670 1579 798 1629 autumno
950 1592 962 1632 a

108 1649 200 1704 Floret
218 1668 289 1719 ager,
309 1653 420 1718 spumat
437 1649 524 1717 plenis
542 1652 677 1705 vindemia
695 1651 792 1716 labris;

108 1723 174 1791 Huc,
192 1734 272 1796 pater
290 1746 305 1781 o
324 1728 441 1795 Lenaee,
461 1729 529 1794 veni,
547 1728 704 1797 nudataque
722 1733 811 1782 musto

107 1801 209 1871 'lingue
227 1821 295 1857 novo
314 1822 420 1857 mecum
440 1805 561 1873 dereptis
580 1822 659 1858 crura
676 1805 822 1859 cothurnis.

141 1879 274 1949 Principio
292 1879 435 1934 arboribus
458 1882 532 1934 varia
552 1885 594 1934 est
612 1886 710 1935 natura
726 1881 856 1936 creandis

106 1955 230 2025 Namque
247 1957 323 2024 aliae,
342 1956 425 2009 nullis
444 1957 582 2010 hominum
601 1958 767 2025 cogentibus,
784 1957 859 2026 ipsae
938 1971 962 2012 lo

106 2031 207 2100 Sponte
225 2050 274 2086 sua
291 2034 404 2086 veniunt
422 2051 587 2103 camposque
606 2039 634 2088 ct
653 2035 762 2088 flumina
779 2034 834 2087 late

106 2109 194 2163 (lurra
212 2115 314 2177 tenent,
333 2114 364 2163 ut
384 2112 468 2164 molle
487 2113 558 2168 siler,
577 2113 720 2180 lentaeque
738 2115 874 2178 genestae.

106 2186 223 2255 Populus
241 2190 270 2240 et
287 2187 384 2254 glauca
402 2189 528 2241 canentia
547 2189 643 2242 fronde
663 2188 771 2252 salieta;

106 2262 171 2316 l‘ars
189 2269 280 2317 autem
298 2265 387 2332 posito
408 2269 525 2331 surgunt
543 2265 578 2316 do
597 2265 705 2331 semine,
723 2265 755 2316 ut
773 2262 845 2316 altae

105 2339 260 2409 Castaneaa
279 2358 475 2408 nemorumque
496 2341 554 2392 lovi
572 2358 641 2409 quae
659 2355 786 2393 maxuma
803 2338 914 2392 frondet
936 2355 961 2393 ιε

106 2418 243 2484 Aesculus,
263 2422 344 2485 atquc
363 2416 473 2469 habitae
492 2416 580 2468 Graiis
598 2417 705 2469 oracula
722 2430 845 2483 quereus.

107 2492 223 2546 Pullulat
241 2493 276 2546 ab
294 2493 386 2546 radico
405 2492 465 2544 aliis
484 2491 644 2544 densissima
662 2493 734 2558 silva,

107 2568 144 2623 Ut
161 2571 259 2625 cerasis
277 2569 426 2636 ulmisque;
444 2569 528 2622 etiam
549 2566 678 2621 Parnasia
694 2569 786 2620 laurus

106 2646 191 2700 Parva
209 2646 259 2698 sub
277 2647 383 2714 ingenti
400 2647 497 2699 matris
516 2662 546 2698 se
566 2645 672 2698 subiicit
689 2643 792 2696 umbra

105 2723 163 2776 Hos
181 2725 278 2776 natura
295 2723 391 2776 modos
409 2725 525 2792 primum
547 2722 639 2786 dedit;
656 2720 697 2773 his
715 2736 800 2788 genus
818 2736 898 2771 omne
936 2733 961 2769 ao

104 2799 235 2852 Silvarum
253 2799 431 2870 fruticumque
449 2801 518 2854 viret
536 2815 729 2867 nemorumque
748 2811 892 2850 sacramur.

138 2876 206 2930 Sunt
224 2878 275 2945 alii,
296 2896 363 2947 quos
382 2881 442 2946 ipse
463 2879 506 2930 ria
524 2876 575 2930 sibi
593 2876 714 2944 repperit
731 2891 802 2926 usus.

105 2951 157 3006 Hic
174 2953 281 3020 plantas
301 2961 399 3009 tenero
418 2953 579 3008 abscindens
597 2952 632 3005 de
650 2967 763 3019 corporo
780 2955 898 3002 matrum

105 3028 236 3098 Deposuit
254 3033 348 3098 sulcis;
367 3033 409 3086 hie
428 3033 527 3100 stirpes
546 3030 637 3083 obruit
656 3044 726 3092 arva,

105 3105 330 3178 Quadrilidasquc
349 3109 438 3176 sudes,
458 3114 486 3162 et
504 3111 583 3161 acuto
602 3106 698 3159 robore
720 3104 819 3160 vallos:
935 3112 961 3154 26

105 3183 290 3251 silvarumque
308 3186 376 3239 uliae
393 3203 502 3254 pressos
519 3183 673 3250 propaginis
690 3195 770 3233 arcus
1077 3129 1093 3512 l
