2232 3556
117 132 165 180 292
344 128 375 176 P.
393 127 546 176 VERGILI
572 126 740 175 MARONIS

117 211 172 264 Seu
189 209 279 264 mollis
297 209 392 278 violae,
410 227 459 264 seu
476 210 633 277 languentis
650 206 797 277 hyacinthi,

117 286 168 340 Cui
180 302 270 354 neque
281 285 372 353 fulgor
383 286 481 352 adhue,
492 303 543 339 nec
555 285 621 338 duni
633 301 683 338 sna
694 285 781 338 lenna
793 281 923 348 recessit;
944 297 968 337 ao

117 361 179 414 Non
196 361 251 414 iam
268 365 359 416 mater
376 363 425 416 alit
443 362 533 427 tellus,
550 361 670 428 virisque
688 361 835 414 ministrat

117 437 185 489 Tum
203 437 326 504 geminas
342 442 433 491 vestes
450 454 571 506 auroque
589 443 718 504 ostroque
735 435 850 504 rigentis

117 512 224 566 Extulit
243 515 359 580 Aeneas,
378 530 447 582 quas
465 513 503 566 illi
523 514 596 567 laeta
614 513 737 566 laborum

119 588 184 658 Ipsa
202 588 258 642 suis
276 589 413 656 quondam
432 589 555 642 manibus
574 589 685 642 Sidonia
704 589 776 642 Dido

118 665 240 732 Fecerat,
258 668 288 717 et
306 665 382 717 tenui
400 665 470 718 telas
488 665 657 718 discreverat
674 681 748 718 auro.
943 676 969 718 ta

120 741 224 792 Harum
242 756 324 792 unam
342 741 432 792 iuveni
451 757 610 809 supremum
629 744 750 794 maestus
766 740 898 794 honorem

120 815 220 878 Induit,
239 832 402 883 arsurasque
421 831 511 870 comas
529 816 644 870 obnubit
661 817 780 881 amiotu3

118 890 260 959 Multaque
278 895 422 958 praeterea
441 891 587 944 Laurentis
605 893 727 959 praemia
744 909 851 960 pugnae

118 968 248 1034 Aggerat,
266 974 295 1020 et
313 967 392 1034 longo
409 967 539 1034 praedam
557 966 635 1020 iubet
653 967 748 1020 ordine
767 968 838 1022 draci.

117 1042 207 1099 Addit
225 1059 309 1111 equos
327 1047 356 1096 et
373 1043 436 1109 tela,
454 1043 553 1110 quibus
572 1043 735 1111 spoliaverat
752 1043 867 1096 hostem.
942 1059 968 1096 so

119 1119 251 1172 Vinxerat
268 1124 297 1172 et
315 1123 376 1188 post
394 1123 473 1186 terga
492 1136 594 1184 manus,
614 1137 682 1188 quos
700 1119 825 1173 mitteret
843 1118 950 1172 umbris

119 1195 239 1261 Inferias,
258 1212 336 1248 caeso
355 1211 499 1262 sparsurus
518 1195 648 1262 sanguine
666 1195 816 1260 llarnmmm

119 1271 289 1339 indutosque
308 1269 384 1324 iubet
401 1273 513 1324 truncos
531 1269 675 1324 hostilibus
692 1272 776 1324 armis

118 1347 196 1416 Ipsos
213 1348 286 1400 ferre
304 1347 393 1410 duces,
411 1347 573 1414 inimicaque
591 1347 700 1402 nomina
718 1347 771 1415 figi.

119 1423 234 1477 Ducitur
252 1423 346 1476 infelix
364 1439 430 1476 aevo
449 1423 588 1476 conlectus
608 1427 733 1489 Acoetes,
942 1439 968 1479 oa

118 1499 232 1553 Pectora
249 1515 320 1551 nunc
337 1498 449 1551 foedans
466 1499 572 1567 pugnis,
591 1516 662 1552 nuno
680 1499 817 1566 unguibus
834 1517 896 1566 ora;

119 1575 265 1639 Sternitur,
285 1577 313 1626 et
331 1576 390 1626 toto
408 1575 545 1642 proiectus
564 1591 675 1644 corpore
693 1579 793 1631 terrae.

118 1651 226 1703 Ducunt
244 1654 273 1702 et
292 1649 395 1702 Rutulo
414 1651 537 1718 perfusos
556 1651 686 1719 sanguine
704 1669 807 1706 eunus.

118 1725 184 1779 Post
201 1725 317 1778 bellator
334 1741 427 1793 equus,
446 1726 542 1792 positis
560 1727 719 1796 insignibus,
740 1729 857 1797 Aethon,

117 1802 146 1856 It
162 1801 313 1869 lacrimans,
331 1802 473 1870 guttisque
491 1803 632 1857 humectat
649 1805 800 1871 grandibus
818 1821 871 1859 ora
940 1819 967 1860 oo

118 1878 233 1931 Hastam
251 1878 296 1931 alii
314 1878 474 1947 galeamque
493 1883 600 1944 i'orunt3
618 1896 679 1932 nam
699 1884 791 1934 cetera
809 1881 915 1934 Turnus

116 1952 211 2008 Victor
239 1953 328 2010 habet.
366 1953 434 2007 Tum
464 1957 568 2008 maesta
595 1955 713 2024 phalanx
743 1956 893 2024 Teucrique
923 1972 966 2010 se-

185 2035 306 2100 quuntur

116 2107 302 2176 Tyrrhenique
320 2125 414 2162 ornnes
433 2111 462 2161 et
480 2108 565 2162 uersis
584 2107 707 2162 Arcades
725 2110 814 2163 annis.

116 2183 264 2252 Postquam
282 2185 369 2236 omnis
386 2183 467 2251 longe
485 2184 613 2236 comitum
632 2190 803 2251 processerat
820 2185 895 2254 ordo,

116 2258 245 2312 Substitit
266 2260 381 2324 Aeneae,
399 2259 559 2327 gemituque
577 2258 643 2312 liaeo
661 2259 771 2314 addidit
789 2261 858 2316 alto:
941 2275 967 2315 ⁹⁵

118 2335 139 2385 N
143 2351 172 2388 os
191 2334 257 2388 alias
275 2334 338 2388 hinc
356 2334 393 2386 ad
411 2335 535 2387 lacrimas
554 2335 649 2388 cadem
668 2334 779 2389 horrida
797 2335 861 2390 belli

119 2409 185 2463 llata
202 2413 312 2464 vocant:
332 2409 405 2462 salvo
424 2414 566 2463 aeternum
586 2411 658 2472 mihi,
676 2427 801 2466 maxume
821 2411 904 2479 Palla,

118 2488 323 2553 Aeternumque
341 2485 410 2539 vale.
445 2485 471 2537 N
473 2503 503 2538 ec
522 2485 599 2554 plura
617 2486 714 2540 effatus
733 2489 768 2541 ad
787 2489 856 2541 altos

115 2560 258 2614 Tendebat
275 2577 374 2628 muros,
392 2578 572 2630 gressumque
590 2561 617 2613 in
636 2565 725 2615 castra
742 2564 856 2617 ferebat

151 2637 265 2706 Ianique
284 2639 405 2691 oratores
423 2637 539 2691 aderant
558 2654 592 2690 ex
610 2638 679 2690 urhe
699 2639 803 2706 Latina,
928 2654 969 2695 roo

118 2711 208 2766 l'olati
226 2713 308 2766 ramis
326 2713 409 2778 oleae,
428 2713 589 2781 veniamque
607 2717 748 2781 rogantes:

116 2790 242 2856 Corpora,
262 2805 311 2856 per
328 2805 436 2858 earnpos
454 2791 527 2842 ferro
546 2805 615 2856 quae
633 2789 694 2843 fusa
711 2792 842 2860 iacebant,

118 2861 265 2928 ltedderot,
283 2879 314 2914 ae
332 2864 437 2916 tumulo
456 2864 558 2916 sineret
577 2864 724 2920 succedere
743 2873 849 2932 terrae;

118 2936 227 2990 Nullum
246 2954 307 2990 cum
325 2939 404 2992 victis
423 2943 562 2992 certamen
580 2942 609 2990 et
627 2939 738 2995 aethere
757 2943 853 3006 cassis;

118 3009 245 3066 l‘aroerot
262 3011 414 3080 hospitibus
433 3013 568 3081 quondam
588 3015 743 3084 socerisque
762 3018 870 3072 voeatis.
931 3034 968 3072 roa

116 3085 189 3147 Quos
206 3085 293 3139 bonus
312 3091 428 3155 Aeneas,
446 3089 519 3140 haud
537 3089 709 3152 aspernanda
727 3095 871 3159 precantis,

19 3167 26 3185 ·
117 3156 294 3224 Prosequitur
311 3164 398 3230 venia,
416 3165 444 3216 et
462 3163 552 3215 verbis
570 3159 638 3210 haee
655 3166 767 3232 insuper
784 3168 875 3222 aridit:
