2234 3554
402 147 585 196 AENEID'OS
606 147 674 196 ΜΒ.
694 147 760 196 VII.
955 151 1000 196 211

154 232 238 297 Picus,
256 247 357 300 equum
375 229 508 295 domitor;
527 246 609 298 quem
627 231 706 298 cepta
723 229 850 300 cupidine
868 229 985 286 coniunx

158 311 244 361 Aurea
261 323 420 376 percussum
438 306 514 373 virga
531 323 694 374 versumque
712 308 825 362 venenis
967 319 997 365 121

151 383 228 436 Tecit
246 400 324 436 avem
344 383 428 450 Circe,
446 383 602 452 sparsitque
620 381 755 436 coloribus
774 384 837 439 alas.

151 458 209 512 Tali
226 459 300 512 intus
319 460 421 526 templo
440 458 530 512 divom
548 459 693 528 patriaque
712 460 824 514 Latinus

149 535 223 588 Sede
241 535 340 588 sedens
359 535 476 588 Teucros
494 535 530 588 ad
548 552 608 588 sese
626 535 748 590 intecta
766 537 887 600 vocarit3

151 613 246 681 Atque
264 611 332 665 haec
349 611 601 680 ingressisplacido
619 613 695 682 prior
713 612 802 666 edidit
819 630 879 668 ore:

183 688 281 756 Dicite,
292 688 474 752 Dardanidae,
487 705 575 756 neque
585 690 656 743 enim
665 690 799 744 nescimus
808 693 837 744 et
847 690 942 745 urbem
966 707 1001 746 rat

150 765 186 819 Et
203 781 296 833 genus,
315 765 457 833 auditique
475 765 618 819 advertitis
636 782 755 834 aequore
772 784 888 835 cursum,
910 771 914 780 '

150 841 222 905 Quid
241 842 351 911 petitisi
371 859 441 910 quae
459 858 554 895 caussa
572 846 652 907 retes
671 847 719 896 aut
737 843 814 898 cuius
832 845 937 912 egentis

152 917 229 971 hitus
247 918 282 971 ad
304 919 453 972 Ausonium
472 922 515 972 tot
532 936 582 988 per
600 921 671 972 vada
687 920 796 974 caerula
814 921 905 975 vexiti

149 995 211 1047 Sive
229 1011 321 1048 errore
339 995 405 1058 viae,
423 1012 472 1048 seu
489 995 700 1064 tempestatibus
718 997 779 1064 acti,
867 1055 870 1061 ,

149 1071 245 1134 Qualia
262 1071 349 1124 multa
366 1071 435 1124 mari
453 1077 552 1125 nautae
570 1073 712 1140 patiuntur
730 1073 758 1125 in
776 1073 840 1141 alte,
964 1089 1001 1130 aee

150 1147 281 1201 Fluminis
299 1148 422 1202 intrastis
440 1150 513 1217 ripas
530 1152 667 1217 portuque
685 1149 794 1218 sedetis,

149 1223 174 1276 N
176 1241 191 1278 e
208 1224 294 1292 fugite
312 1224 466 1293 hospitium,
485 1243 552 1278 neve
570 1225 695 1292 ignorato
714 1225 826 1280 Latinos

149 1301 260 1354 Saturni
277 1304 394 1369 gentem,
412 1301 485 1355 haud
503 1302 590 1355 vinclo
609 1319 659 1354 nec
677 1301 784 1370 legibus
801 1319 925 1372 acquam,

148 1378 251 1446 Sponte
269 1395 317 1432 sua
335 1380 490 1447 veterisque
510 1379 554 1432 dci
573 1395 603 1432 se
621 1395 696 1432 moro
715 1383 863 1432 tenentem.

150 1457 243 1522 Atque
256 1455 382 1523 equidem
395 1456 614 1509 memini—ieme
627 1460 669 1509 est
681 1455 822 1508 obscurior
833 1461 947 1510 annis-
963 1472 999 1511 aee

150 1533 291 1586 Auruncos
309 1533 349 1586 ita
365 1532 438 1587 ferre
456 1550 542 1600 senes,
560 1533 603 1585 his
621 1537 698 1586 ortus¹
715 1536 747 1586 ut
765 1533 838 1600 agris

151 1607 291 1662 Dardanus
311 1609 408 1663 idaeas
428 1611 560 1678 Phrygiae
578 1610 731 1680 penetrarit
749 1609 784 1662 ad
802 1609 884 1664 urbes

148 1684 352 1754 Threiciamque
371 1686 477 1754 Samon,
497 1705 567 1754 quae
585 1704 655 1740 nunc
674 1686 858 1740 Saniothracia
874 1686 968 1739 fertur.

151 1761 221 1815 ilinc
238 1761 314 1815 illum
334 1761 446 1830 Corythi
465 1763 603 1830 Tyrrhena
620 1762 655 1816 ab
674 1762 739 1816 sede
757 1763 911 1831 proiectum

151 1841 241 1891 Aurea
259 1855 330 1891 nunc
348 1838 414 1891 solio
433 1839 566 1892 stellantis
585 1841 660 1906 regia
678 1839 744 1892 caeli
963 1853 999 1894 aro

151 1914 257 1981 Accipit
274 1917 303 1966 et
321 1931 464 1967 numerum
483 1915 605 1966 divorum
624 1915 755 1968 altaribus
772 1915 860 1970 addit.

182 1989 311 2054 Dixerat;
332 1994 361 2042 et
379 1989 453 2042 dicta
473 1990 592 2042 iiioneus
611 1991 650 2042 sic
667 2007 732 2043 voce
751 1995 872 2045 secutus:

150 2065 215 2132 itex,
233 2081 318 2132 genus
337 2065 476 2132 egregium
496 2065 591 2131 Fauni,
609 2082 658 2118 nec
675 2065 802 2118 ductibus
819 2070 894 2120 actos

150 2144 220 2194 Atra
238 2141 347 2208 subegit
364 2140 470 2209 hiemps
488 2141 586 2195 vestris
605 2141 751 2194 succedero
769 2141 859 2209 terris,

148 2217 205 2271 Nec
223 2217 299 2271 sidus
317 2217 428 2285 regione
446 2218 505 2271 viae
523 2218 621 2271 litusve
638 2217 750 2282 fefollit;
962 2233 998 2273 21⁵

147 2293 265 2347 Consilio
284 2295 352 2349 lianc
370 2311 464 2349 omnes
482 2295 634 2364 animisque
654 2294 806 2348 volentibus
824 2294 921 2348 urbem
946 2347 959 2372 0

149 2371 314 2442 Adferimur,
333 2373 404 2442 pulsi
422 2374 522 2442 regnis,
541 2389 611 2441 quae
630 2388 757 2425 maxuma
775 2371 912 2441 quondam

148 2447 278 2502 Extremo
298 2451 407 2504 veniens
427 2451 472 2504 Sol
491 2449 642 2518 aspiciebat
661 2448 781 2518 Olympo,

151 2525 194 2578 Ab
214 2527 279 2579 iove
297 2527 458 2596 principium
475 2527 597 2596 genesim
618 2526 683 2580 Iove
702 2525 830 2580 Dardana
847 2525 933 2593 pubes

147 2601 256 2657 Gaudet
274 2619 337 2667 avo;
357 2621 405 2657 rex
424 2605 482 2672 ipse
502 2603 575 2656 Iovis
593 2603 628 2656 de
645 2607 728 2670 gente
745 2619 877 2671 suprema,
925 2623 926 2626 ¹
960 2615 993 2654 aas

146 2677 242 2733 Troius
262 2683 377 2743 Aeneas,
396 2684 445 2734 tua
462 2697 511 2734 nos
530 2680 566 2732 ad
585 2679 678 2732 limina
696 2679 776 2732 misit.

147 2757 254 2820 Quanta
271 2773 321 2826 por
340 2757 438 2810 idaeos
456 2758 542 2810 saevis
560 2757 646 2810 effusa
664 2755 784 2822 Mycenis

146 2831 306 2901 Tempestas
323 2833 385 2886 ierit
403 2849 519 2902 campos,
537 2833 634 2901 quibus
652 2835 729 2885 octus
746 2835 864 2900 uterque

147 2908 272 2977 duropae
291 2912 375 2978 atquc
394 2910 478 2962 Asiae
495 2909 559 2962 fatis
578 2908 745 2962 concurrerit
763 2907 844 2974 orbis,

147 2984 253 3050 Audiit,
272 2989 301 3038 et
319 2985 341 3038 si
359 3003 440 3056 quem
459 2986 539 3038 tellus
557 2990 680 3038 extrema
698 2984 787 3037 refuso
959 2999 991 3043 aa

114 3128 116 3132 Ι
146 3059 295 3115 Submovet
314 3061 428 3127 Oceano,
448 3065 476 3116 et
494 3063 516 3115 si
536 3079 616 3131 quem
635 3065 747 3115 extenta
764 3061 906 3130 plagarum
1016 3077 1018 3082 ·

146 3137 282 3203 Quattuor
300 3139 326 3192 in
346 3139 435 3192 medio
453 3139 556 3192 dirimit
573 3139 654 3207 plage
671 3138 740 3192 Solis
757 3138 849 3208 iniqui.

148 3212 255 3326 iiilpvio
273 3233 308 3271 cx
326 3216 371 3269 illo
389 3219 432 3270 tot
450 3219 528 3270 vasta
542 3233 595 3285 ¹per
612 3231 732 3284 aequora
748 3217 819 3271 vecti
