2242 3550
129 154 159 202 14
354 151 383 200 P.
408 150 563 200 VERGILI
586 149 751 198 MARONIS

125 231 283 287 Perducant
301 231 409 299 aliquae
427 231 535 285 stabula
552 231 588 284 ad
608 231 740 300 Gortynia
757 246 861 284 vaccae.
954 245 980 284 ee

124 307 194 362 Tum
211 307 285 361 canit
304 307 489 375 Hesperidum
508 308 633 360 miratam
652 308 722 360 mala
740 306 873 374 pucilam;

125 383 192 437 Tum
213 383 446 437 Phaethontiadas
463 401 556 436 musco
574 382 726 436 circumdat
741 398 851 436 camarae

125 461 248 528 corticis,
267 464 351 529 atque
369 461 425 514 solo
442 476 570 528 proceras
588 460 671 527 erigit
689 461 772 515 alnos.

124 537 192 590 Tum
210 536 290 604 canit,
309 540 446 590 errantem
467 537 601 589 Permessi
620 537 656 589 ad
674 537 786 590 flumina
803 538 913 592 Gallum

124 614 216 665 Aonas
234 612 263 664 in
282 614 381 666 montis
399 617 431 666 ut
449 613 559 665 duxerit
577 629 631 665 una
649 629 780 681 sororunr,
952 627 976 666 ce

123 689 217 757 thue
236 689 293 740 viro
313 688 417 741 Phoebi
436 689 534 741 chorus
552 687 738 741 adsurrexerit
756 693 859 753 omuis;

123 766 162 818 Ut
181 765 265 817 Linus
283 763 349 816 haec
369 764 416 830 illi,
435 764 525 816 divino
544 765 662 816 carmine
679 769 778 832 pastor,

125 840 247 892 Floribus
265 843 350 907 atque
368 840 430 907 apio
448 839 531 892 crinis
550 844 662 892 ornatus
680 857 778 902 amaro,

122 914 246 969 Dixerit:
268 915 327 969 Hos
345 915 395 969 tibi
414 917 481 969 dant
499 915 622 984 calamos,
641 933 675 968 en
693 917 790 984 accipe,
811 920 915 985 Musae,

124 994 242 1045 Ascraeo
260 1008 328 1061 quos
346 996 410 1045 ante
429 992 496 1061 seni,
514 991 614 1060 quibus
632 992 679 1044 ille
698 991 803 1046 solebat
950 1008 974 1050 70

122 1067 263 1121 Cantando
281 1068 384 1136 rigidas
402 1068 539 1122 deducere
556 1068 694 1121 montibus
713 1085 792 1122 ornos

122 1143 174 1197 llis
192 1144 243 1198 tibi
262 1144 363 1212 Grynei
381 1145 500 1198 nemoris
518 1145 626 1198 dicatur·
644 1145 727 1214 origo,

122 1219 163 1273 Ne
182 1222 243 1290 quis
261 1222 297 1273 sit
314 1221 398 1288 lucus,
417 1239 470 1288 quo
489 1239 518 1274 se
536 1223 596 1289 plus
614 1223 698 1275 iactet
718 1225 822 1290 Apollo.

121 1297 193 1360 Quid
210 1298 313 1365 loquar,
331 1301 379 1349 aut
398 1297 511 1362 Scyllam
532 1298 598 1364 Nisi,
617 1315 698 1366 quam
716 1298 789 1349 fairra
807 1302 901 1352 secuta
918 1302 961 1352 est

121 1372 244 1425 Candida
262 1372 426 1424 succinctam
445 1372 609 1424 latrantibus
626 1373 738 1439 inguina
756 1373 884 1425 monstris
947 1387 972 1428 75

121 1445 258 1502 Dulichias
276 1463 389 1501 vexasse
407 1450 481 1499 rates
500 1452 528 1499 et
545 1448 655 1514 gurgite
674 1448 702 1498 in
720 1446 775 1498 alte

121 1524 180 1578 Ahl
200 1524 310 1578 timidos
328 1527 425 1577 nautas
443 1522 554 1575 canibus
572 1523 705 1576 lacerasse
723 1523 844 1589 marinis,

120 1605 180 1655 Aut
197 1604 229 1654 ut
247 1604 367 1654 mutatos
386 1599 464 1652 Terei
482 1599 634 1652 narraverit
652 1603 735 1666 artus,

120 1677 193 1741 Quas
210 1677 250 1730 illi
268 1675 417 1730 Philomela
436 1675 532 1743 dapes,
551 1691 620 1743 quae
640 1675 711 1728 dona
727 1679 838 1744 pararit,

121 1753 179 1816 Quo
197 1769 278 1806 cursu
297 1752 408 1805 deserta
425 1751 562 1820 petiverit,
581 1755 610 1804 et
628 1751 727 1819 quibus
745 1755 810 1816 ante
948 1771 972 1808 sc

120 1829 220 1882 Infelix
237 1845 286 1881 sua
303 1833 378 1882 tectu
396 1827 633 1894 supervolitaverit
651 1827 722 1882 alisi

120 1904 223 1971 Omnia,
242 1921 320 1972 quae,
340 1903 451 1956 Phoebo
470 1903 607 1972 quondam
626 1903 786 1970 meditante,
804 1906 903 1959 beatus

120 1980 219 2034 Audiit
237 1980 354 2032 Eurotas
372 1979 505 2046 iussitque
523 1979 645 2034 ediscere
662 1981 761 2046 laurus,

121 2057 172 2109 ille
189 2057 279 2109 canit:
296 2055 390 2124 pulsae
409 2056 532 2109 referunt
551 2055 586 2108 ad
606 2057 696 2110 sidera
714 2056 813 2120 vallcs;

120 2132 223 2199 Cogere
242 2131 327 2185 donec
345 2133 401 2184 ovis
420 2132 535 2185 stabulis
554 2149 751 2202 numerumque
770 2128 867 2186 referri
947 2148 971 2188 sl

120 2208 205 2261 Iussit
222 2211 251 2261 et
267 2209 353 2261 invito
371 2209 502 2276 processit
520 2207 628 2276 Vesper
647 2208 768 2275 Olympo.

402 2375 587 2432 ECLOGA
611 2375 688 2431 VII.

435 2477 652 2526 MELIDOEUS.

303 2583 472 2622 damnosus.
497 2583 634 2620 coavoorv.
660 2583 786 2624 ruvasrs.

120 2661 160 2717 M.
181 2664 275 2718 Fenus
294 2662 344 2716 sub
362 2667 460 2730 arguta
478 2661 640 2715 consederat
658 2663 719 2716 ilice
738 2663 867 2732 Daphnis,

120 2739 368 2806 compulerantque
385 2755 483 2805 greges
502 2737 628 2806 Corydon
648 2741 677 2792 et
695 2739 805 2807 Thyrsis
823 2742 850 2793 in
868 2757 960 2806 unuin,

119 2815 229 2882 Thyrsis
247 2814 311 2874 ovis,
332 2813 457 2881 Corydon
476 2814 612 2868 distentas
630 2815 701 2868 lacte
719 2816 844 2883 capellae,

121 2890 209 2943 Anrbo
228 2891 356 2943 florentes
374 2889 518 2957 aetatibus,
540 2892 664 2944 Arcades
682 2893 769 2960 ambo,

120 2965 156 3018 Et
174 2971 284 3020 cantare
303 2984 390 3035 pares,
408 2971 437 3020 et
456 2967 622 3035 respondere
640 2969 736 3035 parati.
959 2982 972 3021 a

121 3041 182 3095 Huc
201 3043 273 3108 mihi,
292 3043 358 3097 dum
376 3049 485 3097 teneras
504 3043 622 3097 deiende
639 3061 655 3096 a
673 3044 774 3111 frigore
792 3048 902 3112 myrtos,

120 3115 171 3172 Vir
181 3121 272 3188 gregis
285 3120 343 3188 ipse
356 3138 437 3190 caper
448 3120 638 3186 deerraverat3
656 3124 739 3189 atque
751 3137 803 3188 ego
816 3120 953 3189 Daphnim

180 3196 239 3252 icio.
276 3198 329 3252 Ille
346 3197 393 3251 ubi
411 3214 455 3252 me
473 3202 568 3252 eontra
584 3198 679 3253 videt:
698 3197 788 3264 Ocius,
807 3197 903 3268 inquit,
