2232 3556
404 155 590 204 AENEIDOS
608 155 676 205 LIB.
695 155 747 205 XI.
958 157 1003 206 309

153 237 241 290 Arma
258 237 402 303 virumque
420 237 527 301 lerens3
545 241 605 290 tum
624 254 730 290 summa
749 238 835 307 ipsius
854 237 889 291 ab
907 237 986 292 hasta

154 311 292 379 Defringit
309 311 419 376 ferrum,
438 317 467 365 et
484 314 571 381 partis
589 314 706 366 rimatur
723 319 840 382 apertas,

154 387 212 450 Qua
231 389 326 440 volnus
344 389 426 441 letale
444 389 529 453 fenam
548 394 643 441 contra
661 389 707 442 ille
725 407 881 458 repugnans

154 464 276 517 Sustinet
294 481 310 516 a
328 464 419 530 iugulo
439 465 573 532 dextram,
592 469 621 518 et
639 463 693 518 vim
712 466 815 518 viribus
833 465 898 518 exit.
967 478 1002 518 rso

153 539 247 608 thue
265 540 357 592 volans
375 539 430 592 alte
448 545 559 608 raptum
577 558 638 594 eum
656 542 730 594 fulva
748 542 892 594 draconem

153 615 221 669 Fert
233 616 331 684 aquila,
343 616 521 684 inplicuitque
534 618 626 685 pedes,
639 622 722 687 atque
734 617 871 686 unguibus
883 617 971 670 haesit
978 638 985 682 ;

153 691 265 745 Saucius
283 697 313 746 at
331 709 443 761 serpens
461 693 569 746 sinuosa
587 695 724 747 volumina
742 698 840 762 versat,

152 769 333 836 Arreotisque
350 769 446 822 horret
463 769 591 837 squamis,
610 775 640 824 et
658 771 749 824 sibilat
767 787 822 837 ore,

152 844 266 898 Arduus
277 845 436 912 insurgens;
448 845 494 897 illa
506 845 580 898 haud
592 847 682 899 minus
694 849 794 914 urguet
806 845 909 900 obunco
966 858 1002 900 ms

151 920 313 974 Luctantem
334 919 438 985 rostro;
456 921 535 973 simul
554 922 668 975 aethera
686 923 813 976 verberat
831 922 898 976 alis:

153 997 236 1050 Haud
254 998 334 1051 aliter
351 997 482 1064 praedam
501 997 645 1050 Tiburtum
664 1015 698 1051 ex
716 999 825 1065 agmine
844 998 966 1052 Tarchon

152 1072 248 1126 Portat
265 1089 355 1126 ovans.
392 1066 476 1126 Ducis
494 1073 649 1140 exemplum
668 1078 851 1140 eventumque
869 1073 955 1126 secuti

151 1147 311 1202 Maeonidae
329 1150 478 1202 incurrunt.
515 1149 583 1201 Tum
602 1149 666 1202 fatis
684 1149 794 1202 debitus
815 1151 921 1202 Arruns

151 1223 279 1278 Velocem
297 1226 384 1278 iaculo
403 1229 433 1278 et
451 1225 538 1277 multa
555 1225 631 1292 prior
649 1229 710 1278 arte
730 1225 871 1278 Camillam
966 1238 1002 1280 teo

152 1299 263 1364 Circuit,
282 1305 317 1367 et,
337 1319 407 1369 quae
425 1301 462 1354 sit
479 1301 590 1354 fortuna
606 1301 741 1367 facillima,
760 1305 885 1369 temptat.

152 1375 212 1438 Qua
230 1377 503 1444 secumquefurens
521 1376 612 1429 medio
630 1377 695 1430 tulit
713 1377 820 1445 agmine
840 1377 925 1444 virgo,

153 1452 212 1505 Hae
223 1451 338 1506 'Arruns
356 1453 436 1520 subit
456 1457 484 1506 et
502 1453 602 1506 tacitus
621 1453 736 1520 vestigia
753 1453 871 1517 lustrat;

151 1529 210 1593 Qua
228 1530 324 1583 victrix
342 1530 416 1583 redit
433 1530 480 1582 illa
497 1529 651 1597 pedemque
669 1545 703 1582 ex
721 1528 800 1583 hoste
819 1531 950 1598 reportat,

152 1606 211 1659 Hae
228 1607 333 1660 iuvenis
351 1607 445 1660 furtim
463 1607 559 1659 celeris
577 1606 726 1674 detorquet
743 1605 870 1660 habenas.
964 1619 1002 1658 aas

151 1682 209 1735 Hos
227 1682 326 1748 aditus,
345 1683 453 1749 iamque
471 1681 520 1734 hos
539 1682 638 1747 aditus,
658 1699 821 1750 omnemque
839 1684 966 1750 pererrat

151 1758 280 1827 Undique
293 1759 444 1823 circuitum,
457 1762 486 1810 et
498 1763 601 1810 certam
614 1759 704 1824 quatit
716 1759 847 1826 inprobus
859 1758 975 1812 hastam.

151 1834 234 1888 Forte
253 1831 330 1887 sacer
348 1833 465 1900 Cybelae
484 1833 616 1886 Chloreus
634 1834 753 1900 olimque
772 1834 898 1887 sacerdos

125 1913 130 1920 '
153 1910 268 1976 Insignis
286 1910 366 1974 lenge
387 1908 510 1974 Phrygiis
528 1907 651 1974 fulgebat
669 1910 697 1960 iu
715 1911 805 1974 armis,

151 1985 384 2050 Spumantemque
397 1982 519 2048 agitabat
531 1999 639 2049 equum,
652 2000 734 2050 quem
746 1985 825 2051 pellis
837 1984 912 2036 aenis
965 1998 1001 2038 770

152 2059 184 2110 ln
203 2060 323 2126 plumam
342 2058 462 2125 squamis
480 2075 545 2110 auro
564 2063 688 2112 conserta
706 2059 824 2126 tegebat.

151 2135 223 2204 Ipse,
241 2135 385 2203 peregrina
402 2135 541 2202 ferrugine
558 2134 646 2187 clarus
665 2139 694 2188 et
711 2141 793 2199 ostro,

150 2211 259 2280 Spicula
278 2211 426 2279 torquebat
444 2211 525 2279 Lycio
545 2210 676 2278 Gortynia
694 2228 790 2276 eomu;

150 2292 262 2342 Aureus
280 2285 444 2341 ex'humero
462 2291 644 2354 salutamus,
662 2293 691 2341 et
708 2305 790 2341 aurea
808 2288 863 2340 vati

150 2364 277 2428 Cassida;
301 2369 360 2418 tum
388 2381 508 2418 croceam
536 2363 760 2433 chlamydemque
781 2361 913 2432 'sinusque
944 2380 1001 2417 cre

218 2441 310 2510 pantis
966 2454 1002 2495 ue

150 2517 300 2571 Carbaseos
317 2517 390 2570 fulvo
408 2517 436 2570 in
453 2517 555 2570 nodum
573 2516 719 2584 eollegerat
737 2534 809 2584 auro,

151 2593 244 2646 Pictus
262 2610 312 2646 acu
330 2593 435 2646 tunicas
453 2597 482 2646 et
499 2593 617 2646 barbara
634 2593 755 2659 tegmina
772 2609 889 2646 crurum.

151 2669 232 2722 Hune
250 2669 333 2736 virge,
353 2669 409 2722 sive
426 2672 458 2723 ut
477 2669 587 2737 templis
604 2669 769 2736 praefigeret
787 2686 863 2722 arma

151 2746 237 2818 Troia,
256 2745 363 2813 captivo
382 2745 438 2798 sive
456 2750 488 2800 ut
507 2762 536 2798 se
553 2745 639 2798 ferret
656 2745 683 2796 in
703 2762 775 2810 auro,

150 2820 285 2874 Venatrix
304 2838 388 2874 unum
407 2839 440 2874 ex
459 2822 531 2874 omni
550 2821 699 2874 certamine
717 2838 823 2889 pugnae
965 2836 1003 2877 rso

152 2897 240 2950 Caeca
259 2897 432 2966 sequebatur,
450 2901 594 2964 totumque
613 2897 721 2950 incauta
739 2914 788 2964 per
806 2915 903 2965 agmen

152 2973 281 3026 Femineo
300 2973 418 3040 praedae
436 2977 465 3026 et
483 2973 628 3041 spoliorum
648 2973 763 3026 ardebat
781 2991 888 3028 amere:

152 3050 246 3103 Telum
265 3067 299 3102 ex
317 3050 422 3103 insidiis
441 3067 501 3103 cum
519 3049 631 3102 tandem
649 3053 774 3117 ternpore
792 3056 870 3118 capto

152 3127 278 3182 Concitat
296 3131 324 3180 et
344 3143 457 3196 superos
478 3129 583 3180 Arruns
601 3127 640 3179 sic
657 3143 721 3180 voce
741 3133 885 3195 precatur:

152 3205 262 3259 Summe
281 3203 372 3271 deum,
390 3204 476 3259 saneti
495 3208 587 3257 custos
605 3201 724 3255 Soractis
745 3202 850 3273 Apollo,
966 3215 1003 3256 use
