2234 3554
405 138 587 185 1011011100
610 137 678 186 nia.
701 139 781 188 vin.
851 103 853 110 ’
973 139 1020 186 aas

172 217 337 286 ingrediens,
356 218 484 284 varioque
503 217 573 270 viem
592 235 715 271 sermone
733 219 848 273 levabat.

169 294 287 347 Miratur
304 293 445 361 facilisque
464 295 555 348 oeulos
573 295 628 348 fert
646 296 735 348 onmia
753 297 853 348 circum
984 309 1019 348 010
1087 321 1090 328 ·

170 374 286 434 Aeneas,
305 371 464 438 capiturque
483 371 555 434 loeis,
575 375 603 424 et
622 371 727 437 singula
746 371 834 424 laetus

169 447 348 515 Exquiritque
368 446 499 514 auditque
519 448 606 500 virum
625 451 802 500 monumento
820 447 952 515 priorum.

168 523 235 575 Tum
254 540 303 576 rex
324 522 466 574 Euandrus
487 523 625 576 Romanae
644 523 768 576 conditor
786 524 869 578 areis:

170 599 245 652 Haec
263 615 373 652 nemora
391 599 536 666 indigenae
556 599 642 652 Fauni
662 600 860 668 Nymphaeque
879 597 1018 666 tenebant,

168 675 295 744 Gensque
314 676 400 728 virum
419 676 523 728 truncis
542 681 571 729 et
590 676 658 728 dure
678 675 775 729 robore
794 680 866 742 nata,
983 690 1018 728 ³15

168 752 234 814 Quis
250 769 339 820 neque
355 769 413 804 mos
430 769 519 820 neque
536 753 625 805 cultus
640 757 706 820 erat,
724 770 773 805 nec
788 753 901 820 iungere
917 753 1018 814 tauros,

168 831 227 881 Aut
245 845 396 896 conponere
415 845 479 895 opes
498 833 602 893 norant,
621 835 669 882 aut
687 846 799 897 parcere
818 832 903 897 parte,

167 903 221 957 Sed
239 905 307 958 rami
325 909 408 972 atque
426 921 506 973 asper
524 906 596 958 victu
615 909 728 958 venatus
746 905 843 958 alebat.

171 982 274 1034 Primus
292 981 326 1034 ab
345 982 467 1034 aetherio
486 982 561 1034 venit
580 983 712 1035 Saturnus
731 982 852 1050 Olympo,

169 1061 254 1110 Arma
273 1058 345 1110 lovis
364 1058 469 1124 fugiens
488 1061 518 1110 et
535 1058 625 1124 regnis
644 1058 720 1110 exsul
739 1057 880 1124 ademptis.
980 1070 1018 1110 em

168 1133 196 1186 10
213 1151 299 1200 genus
316 1134 431 1186 indocile
450 1150 481 1186 ac
501 1133 654 1200 dispersum
673 1133 809 1187 mentibus
828 1132 890 1186 altis

167 1209 320 1277 Conposuit,
341 1210 469 1278 legesque
489 1209 573 1275 dedit,
594 1209 759 1278 Latiumque
777 1209 866 1262 vocari

166 1292 272 1359 Maluit,
290 1293 331 1345 his
351 1294 478 1362 quoniam
497 1293 623 1345 latuisset
642 1296 718 1364 tutus
736 1293 764 1345 in
783 1292 843 1345 oris.

167 1370 259 1421 Aureo
278 1387 348 1438 quae
365 1369 518 1437 perhibent,
537 1369 582 1421 ille
601 1368 651 1421 sub
671 1385 736 1437 rege
755 1369 831 1422 fuere

166 1443 289 1499 Saecula:
312 1447 349 1498 sie
367 1446 474 1514 placida
492 1446 605 1514 populos
623 1447 651 1498 iu
670 1462 736 1514 pace
754 1445 882 1513 regebat;
980 1457 1016 1496 32⁵

166 1520 294 1574 Deterior
312 1522 397 1574 donee
416 1522 546 1589 praelatior
565 1539 596 1574 ac
615 1522 723 1576 decolor
742 1527 818 1576 aetas

166 1597 201 1651 Et
219 1598 283 1651 belli
303 1598 391 1652 rabies
409 1601 438 1650 01
456 1615 532 1650 arnor
550 1601 679 1652 suecessit
697 1599 824 1652 habendi.

165 1675 232 1728 Tum
251 1691 347 1728 manus
367 1675 487 1728 Ausonia
506 1679 535 1728 et
553 1680 649 1742 gentes
668 1693 766 1729 venere
786 1676 906 1740 Sicanae,

165 1751 277 1820 Saepius
296 1755 324 1804 et
342 1768 439 1804 nomen
458 1752 550 1818 posuit
570 1752 697 1805 Saturnia
716 1753 811 1816 tellus;

164 1827 231 1880 Turn
250 1843 329 1894 reges
348 1843 481 1894 asperque
498 1827 599 1878 inmani
618 1844 731 1896 corpore
749 1829 870 1896 Thybris
979 1839 1015 1878 300

165 1904 191 1954 A
211 1920 265 1970 quo
282 1905 345 1970 post
365 1902 429 1954 Itali
447 1902 557 1954 1111110111
576 1905 734 1968 cognomine
753 1904 880 1970 Thybrim

165 1977 305 2041 liirimus3
326 1977 417 2029 amisit
435 1994 529 2028 verum
548 1983 625 2030 vetus
646 1978 746 2030 Albula
763 1995 867 2031 nemen.

165 2052 211 2105 Me
230 2053 336 2120 pulsum
357 2053 445 2119 patria
463 2053 608 2120 pelagique
627 2057 750 2106 extrema
769 2057 928 2121 sequentem

167 2129 287 2182 Fortuna
306 2129 478 2196 omnipotens
497 2133 526 2180 et
544 2128 717 2180 ineluctabile
736 2129 821 2182 satum

166 2207 217 2259 His
236 2222 352 2274 posuere
371 2205 443 2268 locis,
462 2204 612 2272 matrisque
631 2221 712 2272 egere
731 2205 875 2258 tremenda
977 2220 1014 2260 030

165 2283 317 2336 Carmentis
337 2281 480 2350 Nymphae
498 2281 601 2334 monita
620 2286 648 2334 et
667 2281 735 2334 deus
753 2285 848 2334 auctor
867 2281 973 2350 Apollo.

167 2359 218 2411 Vix
237 2376 269 2413 ea
286 2359 371 2412 dieta:
394 2358 491 2412 dehine
510 2374 670 2426 progressus
689 2361 824 2410 monstrat
842 2361 871 2410 et
888 2374 963 2411 aram

166 2435 201 2488 Et
220 2435 419 2490 Carmentalem
441 2435 556 2488 Romani
576 2436 681 2488 nornine
700 2439 806 2500 portam

165 2513 251 2576 Quam
261 2518 420 2578 memorant,
433 2512 573 2580 Nymphae
584 2512 703 2580 priscum
714 2511 866 2564 Carmentis
875 2511 1030 2593 honorem,q

166 2587 244 2641 Vatis
261 2588 395 2655 fatidicae,
416 2589 514 2641 cecinit
533 2605 602 2656 quae
621 2589 708 2656 prima
726 2589 833 2641 futuros
977 2602 1013 2640 340

166 2666 309 2722 Aeneadas
328 2681 440 2733 magnes
458 2670 487 2719 et
505 2665 594 2719 nobile
614 2665 783 2717 Pallanteum

167 2740 237 2793 ilinc
254 2742 344 2794 lucum
362 2742 509 2808 ingentem,
527 2759 607 2810 quem
629 2741 759 2794 Remulus
777 2757 840 2794 acer
859 2739 972 2806 Asylum

166 2817 285 2871 llettulit
303 2821 330 2871 et
350 2817 441 2885 gelida
459 2822 592 2872 monstrat
612 2817 661 2871 sub
680 2833 749 2884 rupo
768 2815 909 2884 Lupercal,

165 2891 309 2947 Parrhasio
328 2894 431 2947 dictum
451 2895 538 2948 Panos
557 2895 684 2948 demere
704 2892 807 2962 Lycaei.

165 2969 222 3022 Nee
240 2987 294 3023 non
313 2974 341 3024 et
360 2971 428 3024 sacri
446 2975 579 3024 monstrat
597 2987 692 3024 nemus
712 2969 839 3035 Argileti,
976 2981 1012 3021 311

164 3046 346 3116 Testaturque
364 3047 459 3114 locum,
478 3052 506 3100 et
523 3047 609 3100 letum
628 3047 709 3100 decet
726 3044 841 3112 hospitis
862 3043 937 3112 Argi.

165 3124 238 3177 Hinc
256 3125 291 3178 ad
310 3124 451 3192 Tarpeiam
470 3124 562 3177 sedem
581 3128 609 3175 et
630 3122 764 3189 Capitolia
783 3121 875 3183 ducit,

132 3265 138 3274 ¹
165 3201 259 3254 Aurea
276 3216 354 3276 nune,
374 3200 437 3252 olim
456 3199 626 3252 silvestribus
645 3198 754 3250 horrida
773 3197 869 3250 dumis.

227 3273 256 3318 19
