2274 3554
120 159 148 204 88
265 209 267 212 ,
345 155 374 214 Ε.
396 152 550 216 ‚VERGILI
569 153 736 202 MARONIs

119 238 289 312 Adloquitur
302 236 409 290 Venus:
433 236 456 290 O
470 237 517 305 qui
529 252 574 290 res
586 238 781 308 hominumque
794 242 931 311 deumque

26 319 30 326 '
119 316 249 368 Aeternis
267 313 339 380 regis
358 313 476 381 inperiis,
496 318 525 367 et
543 314 655 368 fulmine
675 319 768 386 terres,
936 336 970 378 aa

118 390 191 455 Quid
209 407 286 443 meus
306 393 414 442 Aeneas
434 390 461 442 in
481 395 509 443 te
527 392 698 446 committere
718 396 832 460 tantum,

118 468 190 532 Quid
210 467 293 520 Troes
311 471 435 535 potuere,
454 467 560 535 quibus,
580 471 623 520 tot
641 468 738 522 funera
755 472 847 538 passis,

119 545 240 598 Cunetus
259 544 294 596 ob
315 543 424 596 ltaliam
444 547 580 596 terrarum
599 545 737 598 clauditur
756 547 843 602 orbisl

107 622 201 675 Certe
219 620 282 672 hine
301 620 437 672 ltonranes
456 621 527 686 elim,
547 621 719 675 volventibus
738 624 820 690 annis,

106 699 191 756 ,Hinc
209 697 267 750 fore
287 696 422 762 ductores,
442 701 568 750 revocate
587 715 603 751 a
621 701 754 766 sanguine
773 699 876 770 Teucri,
938 717 974 758 zea

42 843 44 846 Ι
119 775 172 839 Qui
190 791 271 842 mare,
291 774 338 842 qui
356 777 445 827 terras
464 775 536 828 omni
555 775 662 828 dicione
680 781 813 843 tenerent,

121 851 265 916 Pollicitus,
285 868 355 920 quae
374 853 411 918 te,
428 851 544 918 genitor,
565 854 701 906 sententia
719 855 830 910 vertitil

121 929 180 983 Hoc
198 927 326 996 equidem
345 944 469 980 occasum
488 928 584 981 Troiae
604 930 747 998 tristisque
765 931 856 984 ruinas

119 1004 238 1072 solabar,
257 1004 319 1057 fatis
338 1005 474 1057 contraria
492 1006 548 1058 fata
566 1007 735 1074 rependens;

119 1081 197 1134 Nunc
217 1081 313 1134 eadem
331 1082 441 1134 fortuna
459 1083 530 1136 vires
549 1088 591 1136 tet
610 1083 717 1137 casibus
735 1090 809 1137 actes
937 1099 973 1136 ase

89 1225 91 1231 Ι
120 1158 286 1226 Insequitur.
324 1158 410 1223 Quem
429 1159 478 1211 das
497 1159 586 1227 linem,
605 1177 654 1213 rex
672 1177 779 1228 magne,
798 1161 937 1215 laborum'l

120 1237 245 1290 Antenor
263 1235 360 1304 potuit,
380 1235 478 1288 mediis
497 1237 605 1305 elapsus
625 1237 744 1305 Achivis,

121 1311 241 1380 Illyricos
260 1315 414 1380 penetrare
425 1313 499 1365 sinus
517 1317 601 1381 atque
620 1314 716 1366 intima
734 1318 810 1367 tutus

120 1387 217 1454 Regna
236 1388 424 1455 Liburnorum,
444 1393 472 1441 et
490 1389 594 1442 fontem
614 1407 744 1457 superare
764 1389 876 1458 Timavi

121 1463 200 1517 Unde
218 1481 267 1532 pcr
286 1481 333 1516 ora
351 1481 448 1516 norem
468 1469 544 1517 vasto
564 1482 624 1517 cum
644 1482 784 1518 murmure
803 1466 903 1518 montis
938 1480 974 1519 24⁵

122 1541 149 1595 It
167 1557 241 1593 mare
260 1543 422 1608 proruptum
441 1545 470 1592 et
488 1541 586 1608 pelage
605 1541 704 1610 premit
723 1558 788 1594 arva
806 1541 919 1595 sonanti.

121 1617 174 1672 Hic
192 1621 284 1670 tamen
303 1616 349 1668 ille
367 1615 463 1669 urbem
485 1616 580 1670 Patavi
600 1617 734 1686 sedesque
753 1618 852 1670 locarit

120 1694 293 1760 Teucrorum,
312 1696 341 1745 et
358 1693 434 1761 genti
452 1710 549 1746 nomen
570 1693 647 1747 dedit
666 1710 796 1763 armaque
815 1695 875 1746 fixit

120 1769 206 1837 Troia,
225 1786 296 1823 nune
314 1769 421 1838 placida
440 1773 585 1838 conpestus
603 1787 670 1840 pace
690 1771 818 1838 quiescit:

120 1847 145 1900 N
148 1863 185 1914 es,
204 1850 251 1900 tua
269 1846 421 1914 progenies,
442 1846 509 1899 caeli
528 1845 628 1914 quibus
647 1847 745 1900 adnuis
763 1863 861 1911 arcem,
936 1859 974 1900 aee

120 1922 248 1988 Navibus,
267 1923 421 1977 infandum!
443 1923 556 1990 amissis,
576 1923 655 1976 unius
674 1921 708 1975 eb
728 1923 796 1976 iram

121 1998 266 2052 Predimur
284 2003 366 2067 atque
388 1999 464 2052 ltalis
483 1999 562 2066 longe
582 1998 763 2067 disiungimur
782 2000 843 2053 eris.

121 2075 175 2129 Hie
193 2076 303 2144 pietatis
321 2075 421 2129 henosl
444 2077 482 2129 sic
500 2093 548 2129 nes
567 2077 595 2130 in
615 2083 723 2146 sceptra
741 2077 866 2144 repenisl

156 2151 208 2205 Olli
227 2152 371 2205 subridens
389 2153 528 2206 bominum
547 2159 621 2208 sator
639 2161 722 2222 atquc
741 2153 855 2206 deorum

121 2226 213 2295 Voltu,
232 2247 285 2297 que
303 2229 407 2284 caelum
426 2233 659 2300 tempestatesque
677 2233 793 2300 serenat,
938 2244 974 2284 ate

121 2305 219 2358 Oscula
237 2305 332 2358 libavit
351 2311 439 2374 natae,
459 2306 557 2359 dehinc
575 2308 642 2360 talia
660 2309 746 2361 fatur:

123 2383 207 2436 Parce
226 2386 307 2446 metu,
327 2382 470 2450 Cytherea,
489 2389 602 2436 manent
621 2385 724 2436 inmota
742 2388 852 2436 tuorum

122 2459 190 2512 Fata
209 2458 271 2512 tibi:
292 2475 386 2511 cernes
406 2459 503 2512 urbem
522 2464 551 2513 et
569 2461 700 2528 promissa
720 2458 814 2512 Lavini

123 2536 236 2602 lloenia,
255 2535 455 2604 sublimemque
473 2537 544 2589 seres
563 2536 599 2588 ad
617 2536 708 2589 sidera
726 2535 793 2588 caeli

122 2613 325 2680 Magnanimum
346 2615 474 2679 Aeneam
491 2631 580 2681 neque
597 2630 642 2666 me
660 2613 796 2665 sententia
815 2613 905 2665 vertit
939 2623 974 2664 ace

125 2690 177 2742 llic
189 2689 353 2742 tibi-faber
366 2692 444 2753 eninr,
459 2691 567 2759 quando
580 2691 646 2744 haee
659 2695 688 2744 te
702 2707 766 2743 eura
779 2688 925 2753 remordet,

124 2766 239 2833 Longius
258 2770 287 2820 et
305 2766 416 2820 volvens
435 2767 551 2820 laterum
571 2784 668 2820 arcana
686 2765 834 2819 movebo-

123 2842 229 2896 Bellum
247 2843 343 2912 ingens
361 2840 440 2912 geret
461 2844 542 2896 ltalia
560 2844 728 2913 populosque
747 2843 844 2896 ferocis

122 2918 286 2988 Contundet,
305 2936 449 2990 moresque
469 2921 532 2974 viris
551 2925 580 2974 ct
598 2921 704 2974 moenia
722 2923 811 2989 ponet,

123 2995 214 3050 Tertia
233 2997 299 3049 dum
319 2997 397 3052 Latio
415 3001 575 3066 regnantem
594 2997 695 3050 viderit
713 3000 811 3061 aestas,
939 3005 977 3046 aut

123 3071 264 3142 Temeque
284 3076 443 3129 transierint
463 3075 573 3128 Rutulis
592 3075 705 3127 hiberna
724 3071 849 3126 subactis.

123 3151 163 3204 st
180 3167 249 3218 puer
268 3153 409 3220 Ascanius,
429 3153 471 3206 cui
490 3169 560 3205 nuuc
578 3166 726 3220 cognomen
748 3149 807 3202 lule

125 3225 347 3293 Additur‚-Ilus
365 3233 433 3294 erat,
452 3228 517 3282 dum'
537 3245 580 3280 res
599 3229 676 3282 stetit
700 3227 749 3279 llia
766 3241 886 3291 regne—
