2242 3550
106 154 138 200 12
340 149 370 199 Ρ.
389 149 542 196 VERGILI
559 150 725 198 MARONIS

105 227 183 282 Haec
200 228 252 284 tibi
270 245 378 296 semper
396 231 484 296 crunt,
502 231 610 282 etcum
629 229 770 283 sollemnia
786 233 851 284 vota

104 303 262 358 Reddemus
282 304 423 372 Nymphis,
442 307 470 358 et
489 321 550 358 cum
568 305 745 359 lustrabimus
764 322 851 372 agros.
935 321 959 361 rs

103 380 175 433 Dum
193 381 257 447 iuga
275 381 377 433 montis
395 397 467 448 aper,
486 381 582 434 fluvios
601 381 667 434 dum
684 382 766 449 piscis
785 381 895 452 amabit,

102 455 229 525 Dumque
248 457 341 524 thymo
360 461 510 525 pascentur
528 474 600 523 apes,
620 457 685 510 dum
704 475 766 510 rore
784 459 900 526 cicadae,

102 532 215 601 Semper
227 532 313 586 honos
325 550 479 602 nomenque
492 537 571 586 tuum
583 533 735 602 laudesque
752 532 909 588 manebunt.

102 608 142 662 Ut
161 609 267 662 Baccho
287 609 444 678 Cererique,
465 609 516 662 tibi
536 609 574 662 sic
591 612 656 661 vota
674 614 742 678 quot
760 611 837 662 annis

103 685 247 752 Agricolae
265 685 384 749 facient;
403 685 545 737 damnabis
563 688 593 737 tu
614 701 723 752 quoque
741 686 818 738 votis.
934 701 958 741 so

135 761 193 814 Mo.
214 762 289 824 Quae
302 760 362 828 tibi,
375 777 445 827 quae
458 761 507 812 tali
520 761 637 813 reddam
649 777 699 828 pro
710 761 829 812 carmine
842 763 933 814 donat

101 836 173 890 Nam
190 843 279 904 neque
297 853 341 888 mc
359 840 468 888 tanturn
487 837 622 888 venientis
641 835 736 888 sibilus
754 835 848 903 austri,

101 913 126 966 N
129 929 159 966 cc
176 929 304 981 percussa
322 912 418 965 iuvant
435 911 520 964 {luctu
538 915 595 965 tam
613 911 703 979 litora,
720 927 771 964 nec
789 928 860 979 quae

102 989 217 1042 Saxosas
235 989 308 1042 inter
326 989 476 1043 decurrunt
494 988 605 1040 flumina
623 987 714 1041 valles.

100 1066 156 1119 Mc.
176 1066 237 1119 Hac
254 1070 283 1120 te
301 1082 350 1118 nos
368 1065 459 1133 fragili
478 1065 640 1118 donabimus
658 1068 722 1118 ante
740 1064 835 1118 cicuta
935 1082 959 1118 ss

7 1178 9 1184 ,
102 1140 179 1196 Haec
196 1159 253 1209 nos,
272 1143 433 1194 Formosum
453 1142 577 1209 Corydon
596 1141 711 1194 ardebat
731 1141 850 1209 Alexim,

102 1219 178 1272 Haec
196 1219 293 1272 eadem
312 1218 413 1284 docuit,
434 1217 531 1271 Cuium
550 1219 653 1284 pecusl
672 1233 707 1269 an
726 1216 876 1270 Meliboeil

100 1295 158 1348 Mo.
172 1297 212 1347 At
225 1298 256 1347 tu
269 1311 345 1346 sume
358 1293 467 1361 pedum,
481 1293 563 1361 quod,
576 1310 620 1346 me
633 1309 694 1346 cum
707 1309 789 1360 saepe
801 1295 919 1359 rogaret,

101 1371 163 1423 Non
181 1371 246 1423 tulit
266 1369 481 1436 Antigenes-et
500 1373 560 1422 crat
578 1373 637 1421 tum
657 1369 756 1436 dignus
774 1369 894 1421 amari-

101 1445 261 1500 Formosum
278 1444 390 1512 paribus
408 1445 488 1498 nodis
506 1449 592 1513 atque
610 1461 683 1511 aere,
702 1444 836 1499 Menalca.
934 1459 959 1498 eo

390 1614 581 1672 ECLOGA
609 1617 667 1674 VI.

462 1730 595 1778 VARUS.

100 1831 197 1886 Parma
215 1834 354 1903 Syracosio
373 1833 486 1902 dignata
506 1839 548 1888 est
566 1835 662 1889 ludere
681 1853 762 1889 versu

100 1906 201 1962 Nostra
218 1927 268 1964 nec
286 1910 397 1964 erubuit
416 1911 498 1963 silvas
518 1911 645 1964 habitare
664 1911 767 1964 Thalia.

100 1983 168 2037 Cum
185 2003 309 2040 canerem
327 2003 405 2053 reges
424 1989 453 2038 et
471 1988 582 2055 proelia,
601 1987 735 2054 Cynthius
754 2004 847 2042 aurem

100 2058 189 2126 vellit,
208 2066 237 2115 et
256 2063 414 2116 admonuit:
436 2062 587 2131 Pastorem,
607 2063 707 2130 Tityre,
727 2063 837 2131 pinguis

40 2191 42 2196 ,
99 2137 214 2192 Poscere
232 2143 341 2207 oportet
359 2139 424 2204 ovis,
443 2139 592 2192 deductum
612 2139 703 2192 dicere
722 2155 838 2191 carmen.
947 2153 959 2192 t

99 2212 125 2265 N
127 2231 180 2266 unc
191 2231 396 2282 ego-namque
409 2231 492 2282 super
505 2214 558 2267 tibi
571 2218 659 2277 erunt,
673 2215 722 2282 qui
736 2214 827 2266 dicere
839 2213 942 2280 laudes,

101 2288 181 2358 Vare,
199 2294 260 2344 tuas
279 2291 388 2358 cupiant
407 2295 435 2343 et
453 2291 544 2343 tristia
563 2289 682 2344 condere
702 2289 810 2342 bella-

101 2367 247 2433 Agrestem
266 2366 341 2419 tenui
359 2365 514 2419 meditabor
534 2366 667 2419 arundine
687 2365 803 2417 Musam.

100 2441 125 2493 N
127 2459 161 2494 on
173 2443 274 2495 iniussa
286 2459 359 2496 cano.
396 2442 423 2494 si
437 2442 498 2510 quis
511 2445 604 2494 tamen
617 2442 684 2494 haec
697 2457 814 2508 quoque,
827 2441 850 2494 si
863 2441 924 2510 quis

101 2517 203 2585 Captus
221 2535 313 2571 amore
330 2519 413 2586 leget,
432 2521 461 2570 te
479 2523 596 2584 nostrae,
617 2517 698 2584 Vara,
718 2519 845 2587 myricae,
936 2531 959 2570 13

100 2593 250 2647 Tenemus
268 2611 347 2646 omne
367 2597 463 2659 canet3
482 2611 533 2647 nec
553 2593 664 2646 Phoebo
683 2595 789 2662 gratior
808 2595 864 2648 ulla
882 2597 933 2662 est,

101 2670 187 2734 Quam
206 2670 256 2723 sibi
275 2687 345 2738 quae
365 2670 432 2722 Vari
451 2671 629 2738 praescripsit
648 2671 748 2738 pagina
766 2689 872 2726 nornen.

135 2745 252 2813 Pergite,
273 2745 403 2799 Pierides.
442 2745 567 2798 Chromis
585 2750 614 2799 et
633 2747 771 2814 Mnasylos
789 2748 817 2800 in
836 2749 916 2800 antro

100 2821 220 2876 Silenum
238 2823 316 2890 pueri
334 2837 428 2874 somno
448 2821 542 2875 videre
556 2821 703 2888 iacentem,

101 2897 230 2951 Inflatum
248 2898 377 2950 hesterno
396 2913 485 2960 venas,
504 2902 536 2949 ut
554 2913 669 2965 semper,
690 2897 803 2950 Iaccho:
939 2909 962 2946 15

99 2973 180 3026 Serta
197 2973 292 3040 procul
311 2976 420 3024 tantum
438 2971 522 3038 capiti
541 2971 652 3038 delapsa
672 2973 805 3038 iacebant,

101 3048 137 3100 llt
155 3049 245 3115 gravis
263 3048 359 3100 attrita
377 3046 516 3114 pendebat
536 3047 684 3100 cantharus
702 3063 776 3099 ansa.

105 3122 335 3188 Adgressi-nam
355 3138 436 3189 saepe
455 3139 538 3175 senex
557 3139 605 3190 spe
623 3123 749 3175 carminis
766 3122 847 3196 ambo

102 3197 378 3250 Luserat—inficiunt
395 3198 461 3264 ipsis
480 3215 514 3250 ex
533 3199 640 3252 vincula
658 3199 746 3252 sertis.
